
@PhDThesis{	  carpet-reisswig2010a,
  status	= {thesis},
  author	= {Christian Reisswig},
  title		= {Binary Black Hole Mergers and Novel Approaches to
		  Gravitational Wave Extraction in Numerical Relativity},
  school	= {Leibniz Universit{\"a}t Hannover},
  year		= 2010,
  url		= {http://www.nullinfinity.net/~reisswig/
		  phd_thesis_published_christian_reisswig.pdf},
  receiveddate	= 2010
}

@PhDThesis{	  carpet-seiler2010a,
  status	= {thesis},
  author	= {Jennifer Seiler},
  title		= {Numerical Simulation of Binary Black Hole Spacetimes and a
		  Novel Approach to Outer Boundary Conditions},
  school	= {Gottfried Wilhelm Leibniz Universit{\"a}t Hannover},
  year		= 2010,
  url		= {http://dl.dropbox.com/u/2021645/thesis.pdf},
  receiveddate	= 2010
}

@PhDThesis{	  carpet-korobkin2010a,
  status	= {thesis},
  author	= {Oleg Korobkin},
  title		= {Non-axisymmetric Instabilities in Self-Gravitating Tori
		  around Black Holes, and Solving {Einstein} Constraints with
		  Superconvergent Finite Element Methods},
  school	= {Louisiana State University},
  year		= 2010,
  url		= {http://etd.lsu.edu/docs/available/etd-11122010-153530/},
  receiveddate	= 2010
}

@PhDThesis{	  carpet-pazos2009a,
  status	= {thesis},
  author	= {Enrique Pazos},
  title		= {Numerical studies on new techniques for gravitational wave
		  extraction and binary black hole simulations},
  school	= {University of Maryland},
  year		= 2009,
  url		= {http://hdl.handle.net/1903/9974},
  receiveddate	= 2009
}

@PhDThesis{	  carpet-bode2009b,
  status	= {thesis},
  author	= {Tanja Bode},
  title		= {The Robustness of Binary Black Hole Mergers and
		  Waveforms},
  school	= {Pennsylvania State University},
  year		= 2009,
  url		= {http://etda.libraries.psu.edu/theses/approved/WorldWideIndex/ETD-4094/index.html}
		  ,
  receiveddate	= 2009
}

@PhDThesis{	  carpet-bentivegna2008b,
  status	= {thesis},
  author	= {Eloisa Bentivegna},
  title		= {Ringing in unison: exploring black hole coalescence with
		  quasinormal modes},
  school	= {Pennsylvania State University},
  year		= 2008,
  url		= {http://etda.libraries.psu.edu/
		  theses/approved/WorldWideIndex/ETD-2570/index.html},
  receiveddate	= 2008
}

@MastersThesis{	  carpet-jasiulek2008a,
  status	= {thesis},
  author	= {Michael Jasiulek},
  title		= {Spin Measures on Isolated and Dynamical Horizons in
		  Numerical Relativity},
  school	= {Humboldt-Universit{\"a}t zu Berlin},
  year		= 2008,
  receiveddate	= 2008
}

@PhDThesis{	  carpet-dorband2007a,
  status	= {thesis},
  author	= {Ernst Nils Dorband},
  title		= {Computing and Analyzing Gravitational Radiation in Black
		  Hole Simulations Using a New Multi-Block Approach to
		  Numerical Relativity},
  school	= {Louisiana State University},
  year		= 2007,
  url		= {http://etd.lsu.edu/docs/available/etd-03202007-163153/},
  receiveddate	= 2007
}

@PhDThesis{	  carpet-kastaun2007a,
  status	= {thesis},
  author	= {Wolfgang Kastaun},
  title		= {Developing a code for general relativistic hydrodynamics
		  with application to neutron star oscillations},
  school	= {Universit{\"a}t T{\"u}bingen},
  year		= 2007,
  url		= {http://tobias-lib.ub.uni-tuebingen.de/
		  volltexte/2007/2803/},
  receiveddate	= 2007
}

@PhDThesis{	  carpet-manca2007a,
  status	= {thesis},
  author	= {Gian Mario Manca},
  title		= {Dynamical instabilities in rapidly rotating neutron star
		  models},
  school	= {Universit{\`a} di Parma},
  year		= 2007,
  receiveddate	= 2007
}

@PhDThesis{	  carpet-ott2007a,
  status	= {thesis},
  author	= {Christian D. Ott},
  title		= {Stellar Iron Core Collapse in \{3+1\} General Relativity
		  and The Gravitational Wave Signature of Core-Collapse
		  Supernovae},
  school	= {Universit{\"a}t Potsdam},
  year		= 2007,
  url		= {http://stellarcollapse.org/papers/thesis_final.pdf},
  receiveddate	= 2007
}

@PhDThesis{	  carpet-zenginoglu2007a,
  status	= {thesis},
  author	= {An{\i}l Zengino{\u{g}}lu},
  title		= {A conformal approach to numerical calculations of
		  asymptotically flat spacetimes},
  school	= {Universit{\"a}t Potsdam},
  year		= 2007,
  eprint	= {arXiv:0711.0873 [gr-qc]},
  url		= {http://arxiv.org/abs/0711.0873},
  receiveddate	= 2007
}

@PhDThesis{	  carpet-loeffler2005a,
  status	= {thesis},
  author	= {Frank L{\"o}ffler},
  title		= {Numerical Simulations of Neutron Star-Black Hole Mergers},
  school	= {Universit{\"a}t Potsdam},
  year		= 2006,
  url		= {http://opus.kobv.de/ubp/volltexte/2006/774/},
  receiveddate	= 2006
}

@MastersThesis{	  carpet-madiraju2006a,
  status	= {thesis},
  author	= {Sasanka Madiraju},
  title		= {Performance Profiling with {Cactus} Benchmarks},
  school	= {Louisiana State University},
  year		= 2006,
  url		= {http://www.cactuscode.org/
		  Articles/Cactus_Madiraju06.pdf},
  receiveddate	= 2006
}

@PhDThesis{	  carpet-zink2006d,
  status	= {thesis},
  author	= {Burkhard Zink},
  title		= {Black hole formation from non-axisymmetric instabilities
		  in quasi-toroidal stars},
  school	= {Technische Universit{\"a}t M{\"u}nchen},
  year		= 2006,
  url		= {http://nbn-resolving.de/urn/resolver.pl
		  ?urn=urn:nbn:de:bvb:91-diss20060623-1915123970},
  receiveddate	= 2006
}

@PhDThesis{	  carpet-herrmann2005a,
  status	= {thesis},
  author	= {Frank Herrmann},
  title		= {Evolution and analysis of binary black hole spacetimes},
  school	= {Universit{\"a}t Potsdam},
  year		= 2005,
  receiveddate	= 2005
}

@PhDThesis{	  carpet-koppitz2004a,
  status	= {thesis},
  author	= {Michael Koppitz},
  title		= {Numerical Studies Of Black Hole Initial Data},
  school	= {Universit{\"a}t Potsdam},
  year		= 2004,
  url		= {http://opus.kobv.de/ubp/volltexte/2005/134/},
  receiveddate	= 2004
}
