
@InCollection{	  carpet-schnetter2007a,
  status	= {book},
  author	= {Erik Schnetter and Christian D. Ott and Gabrielle Allen
		  and Peter Diener and Tom Goodale and Thomas Radke and
		  Edward Seidel and John Shalf},
  title		= {{Cactus} {Framework}: Black Holes to Gamma Ray Bursts},
  booktitle	= {Petascale Computing: Algorithms and Applications},
  pages		= {507-528},
  publisher	= {Chapman \& Hall/CRC},
  year		= 2007,
  editor	= {David A. Bader},
  series	= {Computational Science Series},
  chapter	= 24,
  eprint	= {arXiv:0707.1607 [cs.DC]},
  url		= {http://arxiv.org/abs/0707.1607},
  receiveddate	= {2007-07-11},
  isbn		= 9781584889090
}
