
@InProceedings{	  carpet-zink2005b,
  status	= {report},
  author	= {Burkhard Zink and Nikolaos Stergioulas and Ian Hawke and
		  Christian D. Ott and Erik Schnetter and Ewald M{\"u}ller},
  title		= {Rotational instabilities in supermassive stars: a new way
		  to form supermassive black holes},
  booktitle	= {International Scientific Workshop on Cosmology and
		  Gravitational Physics, Thessaloniki, December 15-16, 2005},
  pages		= {155-160},
  year		= 2006,
  editor	= {N. K. Spyrou and N. Stergioulas and C. Tsagas},
  publisher	= {ZITI}
}

@Unpublished{	  carpet-reisswig2009b,
  status	= {report},
  author	= {Christian Reisswig and Nigel T. Bishop and Denis Pollney
		  and B{\'e}la Szil{\'a}gyi},
  title		= {Unambiguous determination of gravitational waveforms from
		  binary black hole mergers},
  note		= {arXiv:0907.2637 [gr-qc]},
  year		= 2009,
  url		= {http://arxiv.org/abs/0907.2637}
}

@Unpublished{	  carpet-sperhake2009a,
  status	= {report},
  author	= {Ulrich Sperhake and Vitor Cardoso and Frans Pretorius and
		  Emanuele Berti and Tanja Hinderer and Nicolas Yunes},
  title		= {Cross section, final spin and zoom-whirl behavior in
		  high-energy black hole collisions},
  note		= {arXiv:0907.1252 [gr-qc]},
  year		= 2009,
  receiveddate	= {2009-07-07},
  url		= {http://arxiv.org/abs/0907.1252}
}

@Unpublished{	  carpet-lovelace2009a,
  status	= {report},
  author	= {Geoffrey Lovelace and Yanbei Chen and Michael Cohen and
		  Jeffrey D. Kaplan and Drew Keppel and Keith D. Matthews and
		  David A. Nichols and Mark A. Scheel and Ulrich Sperhake},
  title		= {Momentum flow in black-hole binaries: {II.} {Numerical}
		  simulations of equal-mass, head-on mergers with
		  antiparallel spins},
  note		= {arXiv:0907.0869 [gr-qc]},
  year		= 2009,
  receiveddate	= {2009-07-05},
  url		= {http://arxiv.org/abs/0907.0869}
}

@Unpublished{	  carpet-healy2009a,
  status	= {report},
  author	= {James Healy and Janna Levin and Deirdre Shoemaker},
  title		= {Zoom-Whirl Orbits in Black Hole Binaries},
  note		= {arXiv:0907.0671 [gr-qc]},
  year		= 2009,
  receiveddate	= {2009-07-03},
  url		= {http://arxiv.org/abs/0907.0671}
}

@Unpublished{	  carpet-reisswig2009a,
  status	= {report},
  author	= {Christian Reisswig and Sascha Husa and Luciano Rezzolla
		  and Ernst Nils Dorband and Denis Pollney and Jennifer
		  Seiler},
  title		= {Gravitational-wave detectability of equal-mass black-hole
		  binaries with aligned spins},
  note		= {arXiv:0907.0462 [gr-qc]},
  year		= 2009,
  receiveddate	= {2009-07-02},
  url		= {http://arxiv.org/abs/0907.0462}
}

@Unpublished{	  carpet-healy2009b,
  status	= {report},
  author	= {James Healy and Pablo Laguna and Richard A. Matzner and
		  Deirdre M. Shoemaker},
  title		= {Final Mass and Spin of Merged Black Holes and the Golden
		  Black Hole},
  note		= {arXiv:0905.3914 [gr-qc]},
  year		= 2009,
  receiveddate	= {2009-05-24},
  url		= {http://arxiv.org/abs/0905.3914}
}

@Unpublished{	  carpet-ott2009a,
  status	= {report},
  author	= {Christian D. Ott},
  title		= {Probing the Core-Collapse Supernova Mechanism with
		  Gravitational Waves},
  note		= {arXiv:0905.2797 [gr-qc]},
  year		= 2009,
  receiveddate	= {2009-05-18},
  url		= {http://arxiv.org/abs/0905.2797}
}

@Unpublished{	  carpet-lousto2009a,
  status	= {report},
  author	= {Carlos O. Lousto and Manuela Campanelli and Yosef
		  Zlochower},
  title		= {Remnant Masses, Spins and Recoils from the Merger of
		  Generic Black-Hole Binaries},
  note		= {arXiv:0904.3541 [gr-qc]},
  year		= 2009,
  receiveddate	= {2009-04-22},
  url		= {http://arxiv.org/abs/0904.3541}
}

@Unpublished{	  carpet-barausse2009a,
  status	= {report},
  author	= {Enrico Barausse and Luciano Rezzolla},
  title		= {Predicting the direction of the final spin from the
		  coalescence of two black holes},
  note		= {arXiv:0904.2577 [gr-qc]},
  year		= 2009,
  receiveddate	= {2009-04-16},
  url		= {http://arxiv.org/abs/0904.2577}
}

@Unpublished{	  carpet-bernuzzi2009a,
  status	= {report},
  author	= {Sebastiano Bernuzzi and Lucao Baiotti and Giovanni Corvino
		  and Roberto De Pietri and Alessandro Nagar},
  title		= {Gravitational-wave extraction from neutron-star
		  oscillations},
  note		= {arXiv:0902.2720 [gr-qc]},
  year		= 2009,
  receiveddate	= {2009-02-16},
  url		= {http://arxiv.org/abs/0902.2720}
}

@Unpublished{	  carpet-bode2009a,
  status	= {report},
  author	= {Tanja Bode and Pablo Laguna and Deirdre M. Shoemaker and
		  Ian Hinder and Frank Herrmann and Jirjoo Vishnav},
  title		= {Binary black hole evolutions of approximate puncture
		  initial data},
  note		= {arXiv:0902.1127 [gr-qc]},
  year		= 2009,
  receiveddate	= {2009-02-06},
  url		= {http://arxiv.org/abs/0902.1127}
}

@Unpublished{	  carpetresult-nakano2008a,
  status	= {report},
  author	= {Hiroyuki Nakano and Manuela Campanelli and Carlos O.
		  Lousto and Yosef Zlochower},
  title		= {Comparison of Post-{Newtonian} and Numerical Evolutions of
		  Black-Hole Binaries},
  note		= {arXiv:0901.3861 [gr-qc]},
  year		= 2009,
  url		= {http://arxiv.org/abs/0901.3861},
  receiveddate	= {2009-01-24}
}

@Unpublished{	  carpet-giacomazzo2009a,
  status	= {report},
  author	= {Bruno Giacomazzo and Luciano Rezzolla and Luca Baiotti},
  title		= {The influence of magnetic fields on the gravitational-wave
		  emission from binary neutron stars},
  note		= {arXiv:0901.2722v1 [gr-qc]},
  year		= 2009,
  receiveddate	= {2009-01-18},
  url		= {http://arxiv.org/abs/0901.2722}
}

@TechReport{	  carpet-tao2008a,
  status	= {report},
  author	= {Jian Tao and Gabrielle Allen and Ian Hinder and Erik
		  Schnetter and Yosef Zlochower},
  title		= {{XiRel}: Standard Benchmarks for Numerical Relativity
		  Codes Using {Cactus} and {Carpet}},
  institution	= {Center for Computation \& Technology, Louisiana State
		  University},
  year		= 2008,
  number	= 5,
  receiveddate	= {2008-07-01},
  url		= {http://www.cct.lsu.edu/CCT-TR/CCT-TR-2008-5}
}

@Unpublished{	  carpet-hinder2008a,
  status	= {report},
  author	= {Ian Hinder and Frank Herrmann and Pablo Laguna and Deirdre
		  Shoemaker},
  title		= {Comparisons of eccentric binary black hole simulations
		  with post-{Newtonian} models},
  note		= {arXiv:0806.1037 [gr-qc]},
  year		= 2008,
  receiveddate	= {2008-06-05},
  url		= {http://arxiv.org/abs/0806.1037}
}

@InProceedings{	  carpetresult-baker2007a,
  status	= {report},
  author	= {John G. Baker and William D. Boggs and Joan M. Centrella
		  and Bernard J. Kelly and Sean T. McWilliams and James R.
		  van Meter},
  title		= {Gravitational waves from black-hole mergers},
  booktitle	= {Proceedings of the 2007 Spring Symposium of the Space
		  Telescope Science Institute (Baltimore, MD)},
  year		= 2007,
  pages		= {(to be published)},
  eprint	= {arXiv:0708.4202 [astro-ph]},
  url		= {http://arxiv.org/abs/0708.4202},
  receiveddate	= {2007-04-23}
}

@InProceedings{	  carpet-baiotti2006c,
  status	= {report},
  author	= {Luca Baiotti and Ian Hawke and Luciano Rezzolla and Erik
		  Schnetter},
  title		= {Details on the gravitational-wave emission from rotating
		  gravitational collapse in {3D}},
  booktitle	= {XXIXth Spanish Relativity Meeting (E.R.E. 2006)},
  pages		= 012045,
  year		= 2007,
  volume	= 66,
  series	= {J. Phys.: Conf. Ser.},
  receiveddate	= {2006-09-04},
  url		= {http://stacks.iop.org/JPConf/66/012045},
  doi		= {10.1088/1742-6596/66/1/012045}
}

@InProceedings{	  carpet-sperhake2006c,
  status	= {report},
  author	= {Ulrich Sperhake},
  title		= {Black-hole binary evolutions with the {LEAN} code},
  booktitle	= {XXIXth Spanish Relativity Meeting (E.R.E. 2006)},
  pages		= 012049,
  year		= 2007,
  volume	= 66,
  series	= {J. Phys.: Conf. Ser.},
  receiveddate	= {2006-09-04},
  url		= {http://stacks.iop.org/JPConf/66/012049},
  doi		= {10.1088/1742-6596/66/1/012049}
}

@InProceedings{	  carpetresult-font2006a,
  status	= {report},
  author	= {Jos{\'e} A. Font},
  title		= {Current status of relativistic core collapse simulations},
  booktitle	= {XXIXth Spanish Relativity Meeting (E.R.E. 2006)},
  pages		= 012063,
  year		= 2007,
  volume	= 66,
  series	= {J. Phys.: Conf. Ser.},
  receiveddate	= {2006-09-04},
  url		= {http://stacks.iop.org/JPConf/66/012063},
  doi		= {10.1088/1742-6596/66/1/012063}
}

@InProceedings{	  carpet-sperhake2006b,
  status	= {report},
  author	= {Ulrich Sperhake and Bernd Br{\"u}gmann and Jos{\'e}
		  Gonz{\'a}lez and Mark Hannam and Sascha Husa},
  title		= {Head-On collisions of different initial data},
  booktitle	= {Proceedings of the 11th Marcel Grossmann Meeting (MG11) in
		  Berlin, Germany, July 23-29, 2006},
  year		= 2007,
  eprint	= {arXiv:0705.2035 [gr-qc]},
  url		= {http://arxiv.org/abs/0705.2035},
  receiveddate	= {2006-07-23}
}

@InProceedings{	  carpet-zink2006b,
  status	= {report},
  author	= {Burkhard Zink and Nikolaos Stergioulas and Ian Hawke and
		  Christian D. Ott and Erik Schnetter and Ewald M{\"u}ller},
  title		= {Fragmentation of general relativistic quasi-toroidal
		  polytropes},
  booktitle	= {Proceedings of the 11th Marcel Grossmann Meeting (MG11) in
		  Berlin, Germany, July 23-29, 2006},
  year		= 2007,
  eprint	= {arXiv:0704.0431 [gr-qc]},
  url		= {http://arxiv.org/abs/0704.0431},
  receiveddate	= {2006-07-23}
}

@InProceedings{	  carpet-zink2006c,
  status	= {report},
  author	= {Burkhard Zink and Nikolaos Stergioulas and Ian Hawke and
		  Christian D. Ott and Erik Schnetter and Ewald M{\"u}ller},
  title		= {Supermassive Black Hole Formation through Rotational
		  Instabilities},
  booktitle	= {12th Conference on Recent Developments in Gravity (NEB
		  XII)},
  pages		= 012050,
  year		= 2007,
  volume	= 68,
  series	= {J. Phys.: Conf. Ser.},
  receiveddate	= {2006-06-29},
  url		= {http://stacks.iop.org/JPConf/68/012050},
  doi		= {10.1088/1742-6596/68/1/012050}
}
