@Misc{Carpet__erik-schnetter,
  author =	 {Erik Schnetter},
  title =	 {\href{mailto:schnetter@uni-tuebingen.de} {\textless
                  schnetter@uni-tuebingen.de\textgreater}}
}

@Misc{Carpet__astro-psu-edu,
  author =	 {{Department for} Astronomy and Astrophysics},
  title =	 {\href{http://www.astro.psu.edu/}
                  {http://www.astro.psu.edu/}}
}

@Misc{Carpet__psu-edu,
  author =	 {{Penn State University}},
  title =	 {\href{http://www.psu.edu/} {http://www.psu.edu/}}
}

@Misc{Carpet__cactuscode-org,
  author =	 {{Cactus web pages}},
  title =	 {\href{http://www.cactuscode.org/}
                  {http://www.cactuscode.org/}}
}

@Misc{Carpet__gnuplot-info,
  author =	 {gnuplot},
  title =	 {\href{http://www.gnuplot.info/}
                  {http://www.gnuplot.info/}}
}

@Misc{Carpet__FlexIO,
  author =	 {John Shalf},
  title =	 {{FlexIO} library:
                  \href{http://zeus.ncsa.uiuc.edu/~jshalf/FlexIO/}
                  {http://zeus.ncsa.uiuc.edu/\textasciitilde
                  jshalf/FlexIO/}}
}

@Misc{Carpet__HDF,
  author =	 {HDF},
  title =	 {\href{http://hdf.ncsa.uiuc.edu/}
                  {http://hdf.ncsa.uiuc.edu/}}
}

@Misc{Carpet__CVS,
  author =	 {CVS},
  title =	 {\href{http://www.cvshome.org/}
                  {http://www.cvshome.org/}}
}
