@phdthesis{Berger-1982,
        author  = "Marsha J. Berger",
	title = "Adaptive Mesh Refinement
		 for Hyperbolic Partial Differential Equations",
        year    = 1982,
	school  = "Stanford University",
	note    = "{U}niversity {M}icrofilms \#DA 83-01196",
}

@Article{Berger84,
  author =	 {Marsha J. Berger and Joseph Oliger},
  title =	 {Adaptive Mesh Refinement for Hyperbolic Partial
                  Differential Equations},
  journal =	 {J. Comput. Phys.},
  year =	 1984,
  volume =	 53,
  pages =	 {484-512}
}

@Article{Berger86,
	author = "Marsha J. Berger",
	title  = "Data Structures for Adaptive Grid Generation",
	journal= "SIAM Journal of Scientific and Statistical Computing",
	year   = 1986, month = "July",
	volume = 7,    number = 3,
	pages = "904--916",
	X-note = "data structures for implementing \cite{Berger84}",
	}

@Article{Berger89,
  author = "Marsha J. Berger and Colella, P.",
  title  = "Local Adaptive Mesh Refinement for Shock Hydrodynamics",
  journal={J. Comput. Phys.},
  year   = 1989,
  volume = 82 ,
  pages  = "64--84",
}

@Techreport{Berger90,
  author={Marsha J. Berger and Rigoutsos, I.},
  title={Tech. Report No. 501},
  institution={NYU/Courant Inst.},
  year={1990}
}

@Article{Berger91,
  author = {M. Berger and I. Rigoutsos},
  title = {Adaptive Mesh Refinement for Hyperbolic Partial
                  Differential Equations},
  journal = {IEEE Transactions on Systems, Man and
     Cybernetics},
  year = 1991,
  volume = 21,
  number = 5
}

@article{Schnetter-etal-03b,
  author =       {Erik Schnetter and Scott H. Hawley and Ian Hawke},
  title =        {Evolutions in {3D} numerical relativity using fixed
                  mesh refinement},
  year =         2004,
  month =        "21 March",
  journal =      "Class. Quantum Grav.",
  volume =       21,
  number =       6,
  pages =        "1465--1488",
  eprint =       "gr-qc/0310042",
}
