status (refereed, preparing, theses, book, report, invited, contributed, internal, webpage)

receiveddate
OLDfulltexturl
doi
urn

Resolve DOI's with http://dx.doi.org/



********************************************************************************
MISSING:
********************************************************************************

add http://www.mpa-garching.mpg.de/hydro/COCONUT/valencia2009/Talks/Zink.pdf

add invited talk: Florida mesh refinement

add Seattle2008 (September 17, 2008)

add 2008 Alpaca talk

maybe:
\item E. Schnetter, \emph{Kranc: Automatic Code Generation for the
    Cactus Framework}.  Talk given at the Workshop on Automating the
  Development of Scientific Computing Software, Baton Rouge, LA, March
  2008.

maybe:
\item E. Schnetter, \emph{Modelling black hole binary mergers}.  Talk
  given at Department of Physics \& Astronomy, LSU, Baton Rouge, LA,
  April 2008.



********************************************************************************
BACKGROUND:
********************************************************************************

@InProceedings{Carpet-Goodale2002a,
  status =       {background},
  author =       {Tom Goodale and Gabrielle Allen and Gerd Lanfermann
                  and Joan Mass{\'o} and Thomas Radke and Edward
                  Seidel and John Shalf},
  title =        {The {Cactus} Framework and Toolkit: Design and
                  Applications},
  booktitle =    {Vector and Parallel Processing -- VECPAR'2002, 5th
                  International Conference, Lecture Notes in Computer
                  Science},
  year =         2003,
  address =      {Berlin},
  publisher =    {Springer},
  url =          {http://edoc.mpg.de/3341},
}



********************************************************************************
REFEREED:
********************************************************************************

% Schnetter-etal-03b
@Article{Carpet-Schnetter2003a,
  status =       {refereed background},
  author =       {Erik Schnetter and Scott H. Hawley and Ian Hawke},
  title =        {Evolutions in 3D numerical relativity using fixed
                  mesh refinement},
  journal =      {Class. Quantum Grav.},
  year =         2004,
  volume =       21,
  pages =        {1465-1488},
  eprint =       {arXiv:gr-qc/0310042},
  url =          {http://arxiv.org/abs/gr-qc/0310042},
  receiveddate = {2003-10-07},
  OLDfulltexturl =  {http://stacks.iop.org/CQG/21/1465},
  doi =          {10.1088/0264-9381/21/6/014},
}

% Baiotti04b
@Article{Carpet-Baiotti2004a,
  status =       {refereed},
  author =       {Luca Baiotti and Ian Hawke and Luciano Rezzolla and
                  Erik Schnetter},
  title =        {Gravitational-Wave Emission from Rotating
                  Gravitational Collapse in three Dimensions},
  journal =      {Phys. Rev. Lett.},
  year =         2005,
  volume =       95,
  pages =        131101,
  eprint =       {arXiv:gr-qc/0503016},
  url =          {http://arxiv.org/abs/gr-qc/0503016},
  receiveddate = {2004-10-12},
  OLDfulltexturl =  {http://link.aps.org/abstract/PRL/v96/e161101},
  doi =          {10.1103/PhysRevLett.94.131101},
}

% Zink2005a
@Article{Carpet-Zink2005a,
  status =       {refereed},
  author =       {Burkhard Zink and Nikolaos Stergioulas and Ian Hawke
                  and Christian D. Ott and Erik Schnetter and Ewald
                  M{\"u}ller},
  title =        {Formation of Supermassive Black Holes through
                  Fragmentation of Torodial Supermassive Stars},
  journal =      {Phys. Rev. Lett.},
  year =         2006,
  volume =       96,
  pages =        161101,
  eprint =       {arXiv:gr-qc/0501080},
  url =          {http://arxiv.org/abs/gr-qc/0501080},
  receiveddate = {2005-02-11},
  OLDfulltexturl =  {http://link.aps.org/abstract/PRL/v96/e161101},
  doi =          {10.1103/PhysRevLett.96.161101},
}

% Sperhake2005a
@Article{Carpet-Sperhake2005a,
  status =       {refereed},
  author =       {Ulrich Sperhake and Bernard Kelly and Pablo Laguna
                  and Kenneth L. Smith and Erik Schnetter},
  title =        {Black hole head-on collisions and gravitational
                  waves with fixed mesh-refinement and dynamic
                  singularity excision},
  journal =      {Phys. Rev. D},
  year =         2005,
  volume =       71,
  pages =        124042,
  eprint =       {arXiv:gr-qc/0503071},
  url =          {http://arxiv.org/abs/gr-qc/0503071},
  receiveddate = {2005-03-16},
  OLDfulltexturl =  {http://link.aps.org/abstract/PRD/v71/e124042},
  doi =          {10.1103/PhysRevD.71.124042},
}

% Diener-etal-2006a
@Article{Carpet-Diener2005a,
  status =       {refereed},
  author =       {Peter Diener and Frank Herrmann and Denis Pollney
                  and Erik Schnetter and Edward Seidel and Ryoji
                  Takahashi and Jonathan Thornburg and Jason
                  Ventrella},
  title =        {Accurate Evolution of Orbiting Binary Black Holes},
  journal =      {Phys. Rev. Lett.},
  year =         2006,
  volume =       96,
  pages =        121101,
  eprint =       {arXiv:gr-qc/0512108},
  url =          {http://arxiv.org/abs/gr-qc/0512108},
  receiveddate = {2005-12-21},
  OLDfulltexturl =  {http://link.aps.org/abstract/PRL/v96/e121101},
  doi =          {10.1103/PhysRevLett.96.121101},
}

% Diener05b
@Article{Carpet-Diener2005b,
  status =       {refereed},
  author =       {Peter Diener and Ernst Nils Dorband and Erik
                  Schnetter and Manuel Tiglio},
  title =        {Optimized high-order derivative and dissipation
                  operators satisfying summation by parts, and
                  applications in three-dimensional multi-block
                  evolutions},
  journal =      {J. Sci. Comput.},
  year =         2007,
  volume =       32,
  pages =        {109-145},
  eprint =       {arXiv:gr-qc/0512001},
  url =          {http://arxiv.org/abs/gr-qc/0512001},
  receiveddate = {2005-12-22},
  OLDfulltexturl =  {http://www.springerlink.com/content/l724hr0846n2/},
  doi =          {10.1007/s10915-006-9123-7},
}

% Schnetter06a
@Article{Carpet-Schnetter2006a,
  status =       {refereed background},
  author =       {Erik Schnetter and Peter Diener and Ernst Nils
                  Dorband and Manuel Tiglio},
  title =        {A multi-block infrastructure for three-dimensional
                  time-dependent numerical relativity},
  journal =      {Class. Quantum Grav.},
  year =         2006,
  volume =       23,
  pages =        {S553-S578},
  eprint =       {arXiv:gr-qc/0602104},
  url =          {http://arxiv.org/abs/gr-qc/0602104},
  receiveddate = {2006-02-20},
  OLDfulltexturl =  {http://stacks.iop.org/CQG/23/S553},
  doi =          {10.1088/0264-9381/23/16/S14},
}

% Sopuerta:2006bw
@Article{Carpet-Sopuerta2006a,
  status =       {refereed},
  author =       {Carlos F. Sopuerta and Ulrich Sperhake and Pablo
                  Laguna},
  title =        {Hydro-without-Hydro Framework for Simulations of
                  Black Hole-Neutron Star Binaries},
  journal =      {Class. Quantum Grav.},
  year =         2006,
  volume =       23,
  pages =        {S579-S598},
  eprint =       {arXiv:gr-qc/0605018},
  url =          {http://arxiv.org/abs/gr-qc/0605018},
  receiveddate = {2006-03-20},
  OLDfulltexturl =  {http://stacks.iop.org/CQG/23/S579},
  doi =          {10.1088/0264-9381/23/16/S15},
}

% Schnetter-Krishnan-Beyer-2006
@Article{Carpet-Schnetter2006b,
  status =       {refereed},
  author =       {Erik Schnetter and Badri Krishnan and Florian Beyer},
  title =        {Introduction to dynamical horizons in numerical
                  relativity},
  journal =      {Phys. Rev. D},
  year =         2006,
  volume =       74,
  pages =        024028,
  eprint =       {arXiv:gr-qc/0604015},
  url =          {http://arxiv.org/abs/gr-qc/0604015},
  receiveddate = {2006-04-11},
  OLDfulltexturl =  {http://link.aps.org/abstract/PRD/v74/e024028},
  doi =          {10.1103/PhysRevD.74.024028},
}

% Loeffler06a
@Article{Carpet-Loeffler2006a,
  status =       {refereed},
  author =       {Frank L{\"o}ffler and Luciano Rezzolla and Marcus
                  Ansorg},
  title =        {Numerical evolutions of a black hole-neutron star
                  system in full General Relativity: Head-on
                  collision},
  journal =      {Phys. Rev. D},
  year =         2006,
  volume =       74,
  pages =        104018,
  eprint =       {arXiv:gr-qc/0606104},
  url =          {http://arxiv.org/abs/gr-qc/0606104},
  receiveddate = {2006-06-23},
  OLDfulltexturl =  {http://link.aps.org/abstract/PRD/v74/e104018},
  doi =          {10.1103/PhysRevD.74.104018},
}

% Sperhake:2006cy
@Article{Carpet-Sperhake2006a,
  status =       {refereed},
  author =       {Ulrich Sperhake},
  title =        {Binary black-hole evolutions of excision and
                  puncture data},
  journal =      {Phys. Rev. D},
  year =         2007,
  volume =       76,
  pages =        104015,
  eprint =       {arXiv:gr-qc/0606079},
  url =          {http://arxiv.org/abs/gr-qc/0606079},
  receiveddate = {2006-06-18},
  OLDfulltexturl =  {http://link.aps.org/abstract/PRD/v76/e104015},
  doi =          {10.1103/PhysRevD.76.104015},
}

@Article{Carpet-Dorband2006a,
  status =       {refereed},
  author =       {Ernst Nils Dorband and Emanuele Berti and Peter
                  Diener and Erik Schnetter and Manuel Tiglio},
  title =        {A numerical study of the quasinormal mode excitation
                  of Kerr black holes},
  journal =      {Phys. Rev. D},
  year =         2006,
  volume =       74,
  pages =        084028,
  eprint =       {arXiv:gr-qc/0608091},
  url =          {http://arxiv.org/abs/gr-qc/0608091},
  receiveddate = {2006-08-22},
  OLDfulltexturl =  {http://link.aps.org/abstract/PRD/v74/e084028},
  doi =          {10.1103/PhysRevD.74.084028},
}

@Article{Carpet-Baiotti2006a,
  status =       {refereed},
  author =       {Luca Baiotti and Luciano Rezzolla},
  title =        {Challenging the paradigm of singularity excision in
                  gravitational collapse},
  journal =      {Phys. Rev. Lett.},
  year =         2006,
  volume =       97,
  pages =        141101,
  eprint =       {arXiv:gr-qc/0608113},
  url =          {http://arxiv.org/abs/gr-qc/0608113},
  receiveddate = {2006-08-26},
  OLDfulltexturl =  {http://link.aps.org/abstract/PRL/v97/e141101},
  doi =          {10.1103/PhysRevLett.97.141101},
}

@Article{Carpet-Ott2006a,
  status =       {refereed},
  author =       {Christian D. Ott and Harald Dimmelmeier and Andreas
                  Marek and Hans-Thomas Janka and Ian Hawke and
                  Burkhard Zink and Erik Schnetter},
  title =        {{3D} Collapse of Rotating Stellar Iron Cores in
                  General Relativity Including Deleptonization and a
                  Nuclear Equation of State},
  journal =      {Phys. Rev. Lett.},
  year =         2007,
  volume =       98,
  pages =        261101,
  eprint =       {arXiv:astro-ph/0609819},
  url =          {http://arxiv.org/abs/astro-ph/0609819},
  receiveddate = {2006-09-29},
  OLDfulltexturl =  {http://link.aps.org/abstract/PRL/v98/e261101},
  doi =          {10.1103/PhysRevLett.98.261101},
}

@Article{Carpet-Reisswig2006a,
  status =       {refereed},
  author =       {Christian Reisswig and Nigel T. Bishop and Chi Wai
                  Lai and Jonathan Thornburg and B{\'e}la
                  Szil{\'a}gyi},
  title =        {Characteristic evolutions in numerical relativity
                  using six angular patches},
  journal =      {Class. Quantum Grav.},
  year =         2007,
  volume =       24,
  pages =        {S327-S339},
  eprint =       {arXiv:gr-qc/0610019},
  url =          {http://arxiv.org/abs/gr-qc/0610019},
  receiveddate = {2006-10-05},
  OLDfulltexturl =  {http://stacks.iop.org/CQG/24/S327},
  doi =          {10.1088/0264-9381/24/12/S21},
}

@Article{Carpet-Bruegmann2006a,
  status =       {refereed},
  author =       {Bernd Br{\"u}gmann and Jos{\'e} A. Gonz{\'a}lez and
                  Mark Hannam and Sascha Husa and Ulrich Sperhake and
                  Wolfgang Tichy},
  title =        {Calibration of Moving Puncture Simulations},
  journal =      {Phys. Rev. D},
  year =         2008,
  volume =       77,
  pages =        024027,
  eprint =       {arXiv:gr-qc/0610128},
  url =          {http://arxiv.org/abs/gr-qc/0610128},
  receiveddate = {2006-11-03},
  OLDfulltexturl =  {http://link.aps.org/abstract/PRD/v77/e024027},
  doi =          {10.1103/PhysRevD.77.024027},
}

@Article{Carpet-Zink2006a,
  status =       {refereed},
  author =       {Burkhard Zink and Nikolaos Stergioulas and Ian Hawke
                  and Christian D. Ott and Erik Schnetter and Ewald
                  M{\"u}ller},
  title =        {Non-axisymmetric instability and fragmentation of
                  general relativistic quasitoroidal stars},
  journal =      {Phys. Rev. D},
  year =         2007,
  volume =       76,
  pages =        024019,
  eprint =       {arXiv:astro-ph/0611601},
  url =          {http://arxiv.org/abs/astro-ph/0611601},
  receiveddate = {2006-11-19},
  OLDfulltexturl =  {http://link.aps.org/abstract/PRD/v76/e024019},
  doi =          {10.1103/PhysRevD.76.024019},
}

@Article{Carpet-Ott2006b,
  status =       {refereed},
  author =       {Christian D. Ott and Harald Dimmelmeier and Andreas
                  Marek and Hans-Thomas Janka and Burkhard Zink and
                  Ian Hawke and Erik Schnetter},
  title =        {Rotating collapse of stellar iron cores in general
                  relativity},
  journal =      {Class. Quantum Grav.},
  year =         2007,
  volume =       24,
  pages =        {S139-S154},
  eprint =       {arXiv:astro-ph/0612638},
  url =          {http://arxiv.org/abs/astro-ph/0612638},
  receiveddate = {2006-12-20},
  OLDfulltexturl =  {http://stacks.iop.org/CQG/24/S139},
  doi =          {10.1088/0264-9381/24/12/S10},
}

@Article{Carpet-Baiotti2006b,
  status =       {refereed},
  author =       {Luca Baiotti and Ian Hawke and Luciano Rezzolla},
  title =        {On the gravitational radiation from the collapse of
                  neutron stars to rotating black holes},
  journal =      {Class. Quantum Grav.},
  year =         2007,
  volume =       24,
  pages =        {S187-S206},
  eprint =       {arXiv:gr-qc/0701043},
  url =          {http://arxiv.org/abs/gr-qc/0701043},
  receiveddate = {2006-12-21},
  OLDfulltexturl =  {http://stacks.iop.org/CQG/24/S187},
  doi =          {10.1088/0264-9381/24/12/S13},
}

@Article{Carept-Pazos2006a,
  status =       {refereed},
  author =       {Enrique Pazos and Ernst Nils Dorband and Alessandro
                  Nagar and Carlos Palenzuela and Erik Schnetter and
                  Manuel Tiglio},
  title =        {How far away is far enough for extracting numerical
                  waveforms, and how much do they depend on the
                  extraction method?},
  journal =      {Class. Quantum Grav.},
  year =         2007,
  volume =       24,
  pages =        {S341-S368},
  eprint =       {arXiv:gr-qc/0612149},
  url =          {http://arxiv.org/abs/gr-qc/0612149},
  receiveddate = {2006-12-22},
  OLDfulltexturl =  {http://stacks.iop.org/CQG/24/S341},
  doi =          {10.1088/0264-9381/24/12/S22},
}

@Article{Carpet-Szilagyi2006a,
  status =       {refereed},
  author =       {B{\'e}la Szil{\'a}gyi and Denis Pollney and Luciano
                  Rezzolla and Jonathan Thornburg and Jeffrey
                  Winicour},
  title =        {An explicit harmonic code for black-hole evolution
                  using excision},
  journal =      {Class. Quantum Grav.},
  year =         2007,
  volume =       24,
  pages =        {S275-S293},
  eprint =       {arXiv:gr-qc/0612150},
  url =          {http://arxiv.org/abs/gr-qc/0612150},
  receiveddate = {2006-12-22},
  OLDfulltexturl =  {http://stacks.iop.org/CQG/24/S275},
  doi =          {10.1088/0264-9381/24/12/S18},
}

@Article{Carpet-Baker2006a,
  status =       {refereed},
  author =       {John G. Baker and Manuela Campanelli and Frans
                  Pretorius and Yosef Zlochower},
  title =        {Comparisons of binary black hole merger waveforms},
  journal =      {Class. Quantum Grav.},
  year =         2007,
  volume =       24,
  pages =        {S25-S31},
  eprint =       {arXiv:gr-qc/0701016},
  url =          {http://arxiv.org/abs/gr-qc/0701016},
  receiveddate = {2006-12-26},
  OLDfulltexturl =  {http://stacks.iop.org/CQG/24/S25},
  doi =          {10.1088/0264-9381/24/12/S03},
}

% Herrmann:2006ks
@Article{Carpet-Herrmann2007a,
  status =       {refereed},
  author =       {Frank Herrmann and Ian Hinder and Deirdre
                  M. Shoemaker and Pablo Laguna},
  title =        {Unequal mass binary black hole plunges and
                  gravitational recoil},
  journal =      {Class. Quantum Grav.},
  year =         2007,
  volume =       24,
  pages =        {S33-S42},
  eprint =       {arXiv:gr-qc/0601026},
  url =          {http://arxiv.org/abs/gr-qc/0601026},
  receiveddate = {2007-01-04},
  OLDfulltexturl =  {http://stacks.iop.org/CQG/24/S33},
  doi =          {10.1088/0264-9381/24/12/S04},
}

@Article{Carpet-Giacomazzo2007a,
  status =       {refereed},
  author =       {Bruno Giacomazzo and Luciano Rezzolla},
  title =        {{WhiskyMHD}: a new numerical code for general
                  relativistic magnetohydrodynamics},
  journal =      {Class. Quantum Grav.},
  year =         2007,
  volume =       24,
  pages =        {S235-S258},
  eprint =       {arXiv:gr-qc/0701109},
  url =          {http://arxiv.org/abs/gr-qc/0701109},
  receiveddate = {2007-01-20},
  OLDfulltexturl =  {http://stacks.iop.org/CQG/24/S235},
  doi =          {10.1088/0264-9381/24/12/S16},
}

@Article{Carpet-Marronetti2007a,
  status =       {refereed},
  author =       {Pedro Marronetti and Wolfgang Tichy and Bernd
                  Br{\"u}gmann and Jos{\'e} Gonz{\'a}lez and Mark
                  Hannam and Sascha Husa and Ulrich Sperhake},
  title =        {Binary black holes on a budget: simulations using
                  workstations},
  journal =      {Class. Quantum Grav.},
  year =         2007,
  volume =       24,
  pages =        {S45-S58},
  eprint =       {arXiv:gr-qc/0701123},
  url =          {http://arxiv.org/abs/gr-qc/0701123},
  receiveddate = {2007-01-22},
  OLDfulltexturl =  {http://stacks.iop.org/CQG/24/S45},
  doi =          {10.1088/0264-9381/24/12/S05},
}

@Article{Carpet-Herrmann2007b,
  status =       {refereed},
  author =       {Frank Herrmann and Ian Hinder and Deirdre
                  M. Shoemaker and Pablo Laguna and Richard
                  A. Matzner},
  title =        {Gravitational Recoil from Spinning Binary Black Hole
                  Mergers},
  journal =      {Astrophys. J.},
  year =         2007,
  volume =       661,
  pages =        {430-436},
  eprint =       {arXiv:gr-qc/0701143},
  url =          {http://arxiv.org/abs/gr-qc/0701143},
  receiveddate = {2007-01-29},
  OLDfulltexturl =
                  {http://www.journals.uchicago.edu/doi/abs/10.1086/513603},
  doi =          {10.1086/513603},
}

@Article{Carpet-Koppitz2007a,
  status =       {refereed},
  author =       {Michael Koppitz and Denis Pollney and Christian
                  Reisswig and Luciano Rezzolla and Jonathan Thornburg
                  and Peter Diener and Erik Schnetter},
  title =        {Recoil Velocities from Equal-Mass Binary-Black-Hole
                  Mergers},
  journal =      {Phys. Rev. Lett.},
  year =         2007,
  volume =       99,
  pages =        041102,
  eprint =       {arXiv:gr-qc/0701163},
  url =          {http://arxiv.org/abs/gr-qc/0701163},
  receiveddate = {2007-01-29},
  OLDfulltexturl =  {http://link.aps.org/abstract/PRL/v99/e041102},
  doi =          {10.1103/PhysRevLett.99.041102},
}

@Article{Carpet-Campanelli2007a,
  status =       {refereed},
  author =       {Manuela Campanelli and Carlos O. Lousto and Yosef
                  Zlochower and David Merritt},
  title =        {Large Merger Recoils and Spin Flips From Generic
                  Black-Hole Binaries},
  journal =      {Astrophys. J. Lett.},
  year =         2007,
  volume =       659,
  pages =        {L5-L8},
  eprint =       {arXiv:gr-qc/0701164},
  doi =          {http://arxiv.org/abs/gr-qc/0701164},
  receiveddate = {2007-02-08},
  OLDfulltexturl =
                  {http://www.journals.uchicago.edu/doi/abs/10.1086/516712},
}

@Article{Carpet-Gonzalez2007a,
  status =       {refereed},
  author =       {Jos{\'e} A. Gonz{\'a}lez and Mark D. Hannam and
                  Ulrich Sperhake and Bernd Br{\"u}gmann and Sascha
                  Husa},
  title =        {Supermassive recoil velocities for binary black-hole
                  mergers with antialigned spins},
  journal =      {Phys. Rev. Lett.},
  year =         2007,
  volume =       98,
  pages =        231101,
  eprint =       {arXiv:gr-qc/0702052},
  url =          {http://arxiv.org/abs/gr-qc/0702052},
  receiveddate = {2007-02-26},
  OLDfulltexturl =  {http://link.aps.org/abstract/PRL/v98/e231101},
  doi =          {10.1103/PhysRevLett.98.231101},
}

@Article{Carpet-Campanelli2007b,
  status =       {refereed},
  author =       {Manuela Campanelli and Carlos O. Lousto and Yosef
                  Zlochower and David Merritt},
  title =        {Maximum gravitational recoil},
  journal =      {Phys. Rev. Lett.},
  year =         2007,
  volume =       98,
  pages =        231102,
  eprint =       {arXiv:gr-qc/0702133},
  url =          {http://arxiv.org/abs/gr-qc/0702133},
  receiveddate = {2007-02-26},
  OLDfulltexturl =  {http://link.aps.org/abstract/PRL/v98/e231102},
  doi =          {10.1103/PhysRevLett.98.231102},
}

@Article{Carpet-Thornburg2007a,
  status =       {refereed},
  author =       {Jonathan Thornburg and Peter Diener and Denis
                  Pollney and Luciano Rezzolla and Erik Schnetter and
                  Ed Seidel and Ryoji Takahashi},
  title =        {Are moving punctures equivalent to moving black
                  holes?},
  journal =      {Class. Quantum Grav.},
  year =         2007,
  volume =       24,
  pages =        {3911-3918},
  eprint =       {arXiv:gr-qc/0701038},
  url =          {http://arxiv.org/abs/gr-qc/0701038},
  receiveddate = {2007-03-22},
  OLDfulltexturl =  {http://stacks.iop.org/CQG/24/3911},
  doi =          {10.1088/0264-9381/24/15/009}
}

@Article{Carpet-Ajith2007a,
  status =       {refereed},
  author =       {Parameswaran Ajith and Stanislav Babak and Yanbei
                  Chen and Martin Hewitson and Badri Krishnan and John
                  T. Whelan and Bernd Br{\"u}gmann and Peter Diener
                  and Jos{\'e} González and Mark Hannam and Sascha
                  Husa and Michael Koppitz and Denis Pollney and
                  Luciano Rezzolla and Luc{\'i}a Santamar{\'i}a and
                  Alicia M. Sintes and Ulrich Sperhake and Jonathan
                  Thornburg},
  title =        {Phenomenological template family for black-hole
                  coalescence waveforms},
  journal =      {Class. Quantum Grav.},
  year =         2007,
  volume =       24,
  pages =        {S689-S699},
  eprint =       {arXiv:0704.3764 [gr-qc]},
  url =          {http://arxiv.org/abs/0704.3764},
  receiveddate = {2007-04-30},
  OLDfulltexturl =  {http://stacks.iop.org/CQG/24/S689},
  doi =          {10.1088/0264-9381/24/19/S31},
}

@Article{Carpet-Vaishnav2007a,
  status =       {refereed},
  author =       {Birjoo Vaishnav and Ian Hinder and Frank Herrmann
                  and Deirdre M. Shoemaker},
  title =        {Matched Filtering of Numerical Relativity Templates
                  of Spinning Binary Black Holes},
  journal =      {Phys. Rev. D},
  year =         2007,
  volume =       76,
  pages =        084020,
  eprint =       {arXiv:0705.3829 [gr-qc]},
  url =          {http://arxiv.org/abs/0705.3829},
  receiveddate = {2007-06-13},
  OLDfulltexturl =  {http://link.aps.org/abstract/PRD/v76/e084020},
  doi =          {10.1103/PhysRevD.76.084020},
}

Article{CarpetResult-Grandclement2007a,
  status =       {refereed},
  author =       {Philippe Grandcl{\'e}ment and J{\'e}r{\^o}me Novak},
  title =        {Spectral Methods for Numerical Relativity},
  journal =      {Living Rev. Relativity},
  year =         2009,
  volume =       12,
  eprint =       {arXiv:0706.2286 [gr-qc]},
  receiveddate = {2007-06-15},
  fulltexturl =  {http://www.livingreviews.org/lrr-2009-1},
}

@Article{Carpet-Herrmann2007c,
  status =       {refereed},
  author =       {Frank Herrmann and Ian Hinder and Deirdre
                  M. Shoemaker and Pablo Laguna and Richard
                  A. Matzner},
  title =        {Binary Black Holes: Spin Dynamics and Gravitational
                  Recoil},
  journal =      {Phys. Rev. D},
  year =         2007,
  volume =       76,
  pages =        084032,
  eprint =       {arXiv:0706.2541 [gr-qc]},
  url =          {http://arxiv.org/abs/0706.2541},
  receiveddate = {2007-06-18},
  OLDfulltexturl =  {http://link.aps.org/abstract/PRD/v76/e084032},
  doi =          {10.1103/PhysRevD.76.084032},
}

@Article{Carpet-Krishnan2007a,
  status =       {refereed},
  author =       {Badri Krishnan and Carlos O. Lousto and Yosef
                  Zlochower},
  title =        {Quasi-Local Linear Momentum in Black-Hole Binaries},
  journal =      {Phys. Rev. D },
  year =         2007,
  volume =       76,
  pages =        {081501(R)},
  eprint =       {arXiv:0707.0876 [gr-qc]},
  url =          {http://arxiv.org/abs/0707.0876},
  receiveddate = {2007-07-06},
  OLDfulltexturl =  {http://link.aps.org/abstract/PRD/v76/e081501},
  doi =          {10.1103/PhysRevD.76.081501},
}

@Article{Carpet-Brown2007a,
  status =       {refereed},
  author =       {David Brown and Olivier Sarbach and Erik Schnetter
                  and Manuel Tiglio and Peter Diener and Ian Hawke and
                  Denis Pollney},
  title =        {Excision without excision},
  journal =      {Phys. Rev. D},
  year =         2007,
  volume =       76,
  pages =        {081503(R)},
  eprint =       {arXiv:0707.3101 [gr-qc]},
  url =          {http://arxiv.org/abs/0707.3101},
  receiveddate = {2007-07-20},
  OLDfulltexturl =  {http://link.aps.org/abstract/PRD/v76/e081503},
  doi =          {10.1103/PhysRevD.76.081503},
}

@Article{Carpet-Bruegmann2007a,
  status =       {refereed},
  author =       {Bernd Br{\"u}gmann and Jos{\'e} A. Gonz{\'a}lez and
                  Mark Hannam and Sascha Husa and Ulrich Sperhake},
  title =        {Exploring black hole superkicks},
  journal =      {Phys. Rev. D},
  year =         2008,
  volume =       77,
  pages =        124047,
  eprint =       {arXiv:0707.0135 [gr-qc]},
  url =          {http://arxiv.org/abs/0707.0135},
  receiveddate = {2007-08-07},
  OLDfulltexturl =  {http://link.aps.org/abstract/PRD/v77/e124047},
  doi =          {10.1103/PhysRevD.77.124047},
}

% Rezzolla2007a
@Article{Carpet-Rezzolla2007a,
  status =       {refereed},
  author =       {Luciano Rezzolla and Ernst Nils Dorband and
                  Christian Reisswig and Peter Diener and Denis
                  Pollney and Erik Schnetter and B{\'e}la
                  Szil{\'s}gyi},
  title =        {Spin Diagrams for Equal-Mass Black-Hole Binaries
                  with Aligned Spins},
  journal =      {Astrophys. J.},
  year =         2008,
  volume =       679,
  pages =        {1422-1426},
  eprint =       {arXiv:0708.3999 [gr-qc]},
  url =          {http://arxiv.org/abs/0708.3999},
  receiveddate = {2007-08-29},
  OLDfulltexturl =
                  {http://www.journals.uchicago.edu/doi/abs/10.1086/587679},
  doi =          {10.1086/587679},
}

@Article{Carpet-Lousto2007a,
  status =       {refereed},
  author =       {Carlos O. Lousto and Yosef Zlochower},
  title =        {Further insight into gravitational recoil},
  journal =      {Phys. Rev. D},
  year =         2008,
  volume =       77,
  pages =        044028,
  eprint =       {arXiv:0708.4048 [gr-qc]},
  url =          {http://arxiv.org/abs/0708.4048},
  receiveddate = {2007-08-30},
  OLDfulltexturl =  {http://link.aps.org/abstract/PRD/v77/e044028},
  doi =          {10.1103/PhysRevD.77.044028},
}

@Article{Carpet-Pollney207a,
  status =       {refereed},
  author =       {Denis Pollney and Christian Reisswig and Luciano
                  Rezzolla and B{\'e}la Szil{\'a}gyi and Marcus Ansorg
                  and Barrett Deris and Peter Diener and Ernst Nils
                  Dorband and Michael Koppitz and Alessandro Nagar and
                  Erik Schnetter},
  title =        {Recoil velocities from equal-mass binary black-hole
                  mergers: a systematic investigation of spin-orbit
                  aligned configurations},
  journal =      {Phys. Rev. D},
  year =         2007,
  volume =       76,
  pages =        124002,
  eprint =       {arXiv:0707.2559 [gr-qc]},
  url =          {http://arxiv.org/abs/0707.2559},
  receiveddate = {2007-09-06},
  OLDfulltexturl =  {http://link.aps.org/abstract/PRD/v76/e124002},
  doi =          {10.1103/PhysRevD.76.124002},
}

@InProceedings{Carpet-Stark2007a,
  status =       {refereed},
  author =       {Dylan Stark and Gabrielle Allen and Tom Goodale and
                  Thomas Radke and Erik Schnetter},
  title =        {An Extensible Timing Infrastructure for Adaptive
                  Large-scale Applications},
  booktitle =    {Parallel Processing and Applied Mathematics},
  pages =        {1170-1179},
  year =         2008,
  editor =       {Roman Wyrzykowski},
  volume =       4967,
  series =       {Lecture Notes in Computer Science},
  publisher =    {Springer},
  eprint =       {arXiv:0705.3015 [cs.PF]},
  url =          {http://arxiv.org/abs/0705.3015},
  receiveddate = {2007-09-09},
  OLDfulltexturl =  {http://www.springerlink.com/
                  content/p7n0gl4308p65864/
                  ?p=7a20e00c017c4c4f87c070073332888e&pi=0},
  doi =          {10.1007/978-3-540-68111-3},
}
                  
@Article{CarpetResult-Buonanno2007a,
  status =       {refereed},
  author =       {Alessandra Buonanno and Lawrence E. Kidder and Luis
                  Lehner},
  title =        {Estimating the final spin of a binary black hole
                  coalescence},
  journal =      {Phys. Rev. D},
  year =         2008,
  volume =       77,
  pages =        026004,
  eprint =       {arXiv:0709.3839 [astro-ph]},
  url =          {http://arxiv.org/abs/0709.3839},
  receiveddate = {2007-09-25},
  OLDfulltexturl =  {http://link.aps.org/abstract/PRD/v77/e026004},
}

@Article{Carpet-Campanelli2007c,
  status =       {refereed},
  author =       {Manuela Campanelli and Carlos O. Lousto and Yosef
                  Zlochower},
  title =        {Close encounters of three black holes},
  journal =      {Phys. Rev. D},
  year =         2008,
  volume =       77,
  pages =        {101501(5)},
  eprint =       {arXiv:0710.0879 [gr-qc]},
  url =          {http://arxiv.org/abs/0710.0879},
  receiveddate = {2007-10-03},
  OLDfulltexturl =  {http://link.aps.org/abstract/PRD/v77/e101501},
  doi =          {10.1103/PhysRevD.77.101501},
}

@Article{Carpet-Ajith2007b,
  status =       {refereed},
  author =       {Parameswaran Ajith and Stanislav Babak and Yanbei
                  Chen and Martin Hewitson and Badri Krishnan and
                  Alicia M. Sintes and John T. Whelan and Bernd
                  Br{\"u}gmann and Peter Diener and Ernst Nils Dorband
                  and Jos{\'e} Gonz{\'a}lez and Mark Hannam and Sascha
                  Husa and Denis Pollney and Luciano Rezzolla and
                  Luc{\'i}a Santamar{\'i}a and Ulrich Sperhake and
                  Jonathan Thornburg},
  title =        {A template bank for gravitational waveforms from
                  coalescing binary black holes: {I.} non-spinning
                  binaries},
  journal =      {Phys. Rev. D},
  year =         2008,
  volume =       77,
  pages =        104017,
  eprint =       {arXiv:0710.2335 [gr-qc]},
  url =          {http://arxiv.org/abs/0710.2335},
  receiveddate = {2007-10-15},
  OLDfulltexturl =  {http://link.aps.org/abstract/PRD/v77/e104017},
  doi =          {10.1103/PhysRevD.77.104017},
}

@Article{Carpet-Rezzolla2007b,
  status =       {refereed},
  author =       {Luciano Rezzolla and Peter Diener and Ernst Nils
                  Dorband and Denis Pollney and Christian Reisswig and
                  Erik Schnetter and Jennifer Seiler},
  title =        {The final spin from the coalescence of aligned-spin
                  black-hole binaries},
  journal =      {Astrophys. J. Lett.},
  year =         2008,
  volume =       674,
  pages =        {L29-L32},
  eprint =       {arXiv:0710.3345 [gr-qc]},
  url =          {http://arxiv.org/abs/0710.3345},
  receiveddate = {2007-10-18},
  OLDfulltexturl =
                  {http://www.journals.uchicago.edu/doi/abs/10.1086/528935},
  doi =          {10.1086/528935},
}

@Article{CarpetResult-Boyle2007a,
  status =       {refereed},
  author =       {Latham Boyle and Michael Kesden and Samaya Nissanke},
  title =        {Binary black hole merger: symmetry and the spin
                  expansion},
  journal =      {Phys. Rev. Lett.},
  year =         2008,
  volume =       100,
  pages =        151101,
  eprint =       {arXiv:0709.0299 [gr-qc]},
  url =          {http://arxiv.org/abs/0709.0299},
  receiveddate = {2007-10-22},
  OLDfulltexturl =  {http://link.aps.org/abstract/PRL/v100/e151101},
  doi =          {10.1103/PhysRevLett.100.151101},
}

@Article{Carpet-Sperhake2007a,
  status =       {refereed},
  author =       {Ulrich Sperhake and Emanuele Berti and Vitor Cardoso
                  and Jos{\'e} A. Gonz{\'a}lez and Bernd Br{\"u}gmann
                  and Marcus Ansorg},
  title =        {Eccentric binary black-hole mergers: The transition
                  from inspiral to plunge in general relativity},
  journal =      {Phys. Rev. D},
  year =         2008,
  volume =       78,
  pages =        064069,
  eprint =       {arXiv:0710.3823 [gr-qc]},
  url =          {http://arxiv.org/abs/0710.3823},
  receiveddate = {2007-10-22},
  OLDfulltexturl =  {http://link.aps.org/doi/10.1103/PhysRevD.78.064069},
  doi =          {10.1103/PhysRevD.78.064069},
}

@Article{Carpet-Hinder2007a,
  status =       {refereed},
  author =       {Ian Hinder and Birjoo Vaishnav and Frank Herrmann
                  and Deirdre M. Shoemaker and Pablo Laguna},
  title =        {Circularization and Final Spin in Eccentric Binary
                  Black Hole Inspirals},
  journal =      {Phys. Rev. D},
  year =         2008,
  volume =       77,
  pages =        {081502(R)},
  eprint =       {arXiv:0710.5167 [gr-qc]},
  url =          {http://arxiv.org/abs/0710.5167},
  receiveddate = {2007-10-31},
  OLDfulltexturl =  {http://link.aps.org/doi/10.1103/PhysRevD.77.081502},
  doi =          {10.1103/PhysRevD.77.081502},
}

@Article{Carpet-Bode2007a,
  status =       {refereed},
  author =       {Tanja Bode and Deirdre Shoemaker and Frank Herrmann
                  and Ian Hinder},
  title =        {Robustness of binary black hole mergers in the
                  presence of spurious radiation},
  journal =      {Phys. Rev. D},
  year =         2008,
  volume =       78,
  pages =        044027,
  eprint =       {arXiv:0711.0669 [gr-qc]},
  url =          {http://arxiv.org/abs/0711.0669},
  receiveddate = {2007-11-06},
  OLDfulltexturl =  {http://link.aps.org/doi/10.1103/PhysRevD.77.044027},
  doi =          {10.1103/PhysRevD.77.044027},
}

@Article{Carpet-Berti2007a,
  status =       {refereed},
  author =       {Emanuele Berti and Vitor Cardoso and Jos{\'e}
                  A. Gonz{\'a}lez and Ulrich Sperhake and Bernd
                  Br{\"u}gmann},
  title =        {Multipolar analysis of spinning binaries},
  journal =      {Class. Quantum Grav.},
  year =         2008,
  volume =       25,
  pages =        114035,
  eprint =       {arXiv:0711.1097 [gr-qc]},
  url =          {http://arxiv.org/abs/0711.1097},
  receiveddate = {2007-11-07},
  OLDfulltexturl =  {http://stacks.iop.org/CQG/25/114035},
  doi =          {10.1088/0264-9381/25/11/114035},
}

@Article{Carpet-Zink2007a,
  status =       {refereed},
  author =       {Burkhard Zink and Erik Schnetter and Manuel Tiglio},
  title =        {Multi-patch methods in general relativistic
                  astrophysics - {I.} {Hydrodynamical} flows on fixed
                  backgrounds},
  journal =      {Phys. Rev. D },
  year =         2008,
  volume =       77,
  pages =        103015,
  eprint =       {arXiv:0712.0353 [astro-ph]},
  url =          {http://arxiv.org/abs/0712.0353},
  receiveddate = {2007-12-04},
  OLDfulltexturl =  {http://link.aps.org/abstract/PRD/v77/e103015},
  doi =          {10.1103/PhysRevD.77.103015},
}

@Article{Carpet-Shoemaker2007a,
  status =       {refereed},
  author =       {Deirdre M. Shoemaker and Birjoo Vaishnav and Ian
                  Hinder and Frank Herrmann},
  title =        {Numerical relativity meets data analysis: spinning
                  binary black hole case},
  journal =      {Class. Quantum Grav.},
  year =         2008,
  volume =       25,
  pages =        114047,
  eprint =       {arXiv:0802.4427 [gr-qc]},
  url =          {http://arxiv.org/abs/0802.4427},
  receiveddate = {2007-12-14},
  OLDfulltexturl =  {http://stacks.iop.org/CQG/25/114047},
  doi =          {10.1088/0264-9381/25/11/114047},
}

@Article{Carpet-Damour2007a,
  status =       {refereed},
  author =       {Thibault Damour and Alessandro Nagar and Ernst Nils
                  Dorband and Denis Pollney and Luciano Rezzolla},
  title =        {Faithful effective-one-body waveforms of equal-mass
                  coalescing black-hole binaries},
  journal =      {Phys. Rev. D},
  year =         2008,
  volume =       77,
  pages =        084017,
  eprint =       {arXiv:0712.3003 [gr-qc]},
  url =          {http://arxiv.org/abs/0712.3003},
  receiveddate = {2007-12-18},
  OLDfulltexturl =  {http://link.aps.org/doi/10.1103/PhysRevD.77.084017},
  doi =          {10.1103/PhysRevD.77.084017},
}

@Article{Carpet-Rezzolla2007c,
  status =       {refereed},
  author =       {Luciano Rezzolla and Enrico Barausse and Ernst Nils
                  Dorband and Denis Pollney and Christian Reisswig and
                  Jennifer Seiler and Sascha Husa},
  title =        {Final spin from the coalescence of two black holes},
  journal =      {Phys. Rev. D},
  year =         2008,
  volume =       78,
  pages =        044002,
  eprint =       {arXiv:0712.3541 [gr-qc]},
  url =          {http://arxiv.org/abs/0712.3541},
  receiveddate = {2007-12-22},
  OLDfulltexturl =  {http://link.aps.org/doi/10.1103/PhysRevD.78.044002},
  doi =          {10.1103/PhysRevD.78.044002},
}

@Article{Carpet-Bentivegna2008a,
  status =       {refereed},
  author =       {Eloisa Bentivegna and Deirdre M. Shoemaker and Ian
                  Hinder and and Frank Herrmann},
  title =        {Probing the binary black hole merger regime with
                  scalar perturbations},
  journal =      {Phys. Rev. D},
  year =         2008,
  volume =       77,
  pages =        124016,
  eprint =       {arXiv:0801.3478 [gr-qc]},
  url =          {http://arxiv.org/abs/0801.3478},
  receiveddate = {2008-01-24},
  OLDfulltexturl =  {http://link.aps.org/doi/10.1103/PhysRevD.77.124016},
  doi =          {10.1103/PhysRevD.77.124016},
}

@Article{Carpet-Washik2008a,
  status =       {refereed},
  author =       {Matthew C. Washik and James Healy and Frank Herrmann
                  and Ian Hinder and Deirdre M. Shoemaker and Pablo
                  Laguna and Richard A. Matzner},
  title =        {Binary-Black-Hole Encounters, Gravitational Bursts,
                  and Maximum Final Spin},
  journal =      {Phys. Rev. Lett.},
  year =         2008,
  volume =       101,
  pages =        061102,
  eprint =       {arXiv:0802.2520 [gr-qc]},
  url =          {http://arxiv.org/abs/0802.2520},
  receiveddate = {2008-02-20},
  OLDfulltexturl =  {http://link.aps.org/doi/10.1103/
                  PhysRevLett.101.061102},
  doi =          {10.1103/PhysRevLett.101.061102},
}

@Article{Carpet-Seiler2008a,
  status =       {refereed},
  author =       {Jennifer Seiler and B{\'e}la Szil{\'a}gyi and Denis
                  Pollney and Luciano Rezzolla},
  title =        {Constraint-preserving boundary treatment for a
                  harmonic formulation of the {Einstein} equations},
  journal =      {Class. Quantum Grav.},
  year =         2008,
  volume =       25,
  pages =        175020,
  eprint =       {arXiv:0802.3341 [gr-qc]},
  url =          {http://arxiv.org/abs/0802.3341},
  receiveddate = {2008-02-22},
  OLDfulltexturl ={http://stacks.iop.org/CQG/25/175020},
  doi =          {10.1088/0264-9381/25/17/175020},
}

@Article{Carpet-Dain2008a,
  status =       {refereed},
  author =       {Sergio Dain and Carlos O. Lousto and and Yosef
                  Zlochower},
  title =        {Extra-large remnant recoil velocities and spins from
                  near-extremal-{Bowen}-{York}-spin black-hole
                  binaries},
  journal =      {Phys. Rev. D},
  year =         2008,
  volume =       78,
  pages =        024039,
  eprint =       {arXiv:0803.0351 [gr-qc]},
  url =          {http://arxiv.org/abs/0803.0351},
  receiveddate = {2008-03-03},
  OLDfulltexturl =  {http://link.aps.org/doi/10.1103/PhysRevD.78.024039},
  doi =          {10.1103/PhysRevD.78.024039},
}

@Article{Carpet-Baiotti2008a,
  status =       {refereed},
  author =       {Luca Baiotti and Bruno Giacomazzo and Luciano
                  Rezzolla},
  title =        {Accurate evolutions of inspiralling neutron-star
                  binaries: Prompt and delayed collapse to a black
                  hole},
  journal =      {Phys. Rev. D},
  year =         2008,
  volume =       78,
  pages =        084033,
  eprint =       {arXiv:0804.0594 [gr-qc]},
  url =          {http://arxiv.org/abs/0804.0594},
  receiveddate = {2008-04-03},
  OLDfulltexturl =  {http://link.aps.org/doi/10.1103/PhysRevD.78.084033},
  doi =          {10.1103/PhysRevD.78.084033},
}

@Article{CarpetResult-Benger2007a,
  status =       {refereed},
  author =       {Werner Benger},
  title =        {Colliding galaxies, rotating neutron stars and
                  merging black holes -- visualizing high dimensional
                  datasets on arbitrary meshes},
  journal =      {New J. Phys.},
  year =         2008,
  volume =       10,
  pages =        125004,
  receiveddate = {2008-04-14},
  url =          {http://www.iop.org/EJ/
                  abstract/1367-2630/10/12/125004},
  doi =          {10.1088/1367-2630/10/12/125004},
}

@Article{Carpet-Lousto2008a,
  status =       {refereed},
  author =       {Carlos O. Lousto and Yosef Zlochower},
  title =        {Modeling gravitational recoil from precessing
                  highly-spinning unequal-mass black-hole binaries},
  journal =      {Phys. Rev. D},
  year =         2009,
  volume =       79,
  pages =        064018,
  eprint =       {arXiv:0805.0159 [gr-qc]},
  url =          {http://arxiv.org/abs/0805.0159},
  receiveddate = {2008-05-01},
  doi =          {10.1103/PhysRevD.79.064018},
}

@Article{Carpet-Gualtieri2008a,
  status =       {refereed},
  author =       {Leonardo Gualtieri and Emanuele Berti and Vitor
                  Cardoso and Ulrich Sperhake},
  title =        {Transformation of the multipolar components of
                  gravitational radiation under rotations and boosts},
  journal =      {Phys. Rev. D},
  year =         2008,
  volume =       78,
  pages =        044024,
  eprint =       {arXiv:0805.1017 [gr-qc]},
  url =          {http://arxiv.org/abs/0805.1017},
  receiveddate = {2008-05-08},
  OLDfulltexturl =  {http://link.aps.org/doi/10.1103/PhysRevD.78.044024},
  doi =          {10.1103/PhysRevD.78.044024},
}

@Article{Carpet-Sperhake2008a,
  status =       {refereed},
  author =       {Ulrich Sperhake and Vitor Cardoso and Frans
                  Pretorius and Emanuele Berti and and Jos{\'e}
                  A. Gonz{\'a}lez},
  title =        {High-Energy Collision of Two Black Holes},
  journal =      {Phys. Rev. Lett.},
  year =         2008,
  volume =       101,
  pages =        161101,
  eprint =       {arXiv:0806.1738 [gr-qc]},
  url =          {http://arxiv.org/abs/0806.1738},
  receiveddate = {2008-06-10},
  OLDfulltexturl =
                  {http://link.aps.org/doi/10.1103/PhysRevLett.101.161101},
  doi =          {10.1103/PhysRevLett.101.161101},
}

@Article{Carpet-Healy2008a,
  status =       {refereed},
  author =       {James Healy and Frank Herrmann and Ian Hinder and
                  Deirdre M. Shoemaker and Pablo Laguna and and
                  Richard A. Matzner},
  title =        {Superkicks in Hyperbolic Encounters of Binary Black
                  Holes},
  journal =      {Phys. Rev. Lett.},
  year =         2009,
  volume =       102,
  pages =        041101,
  eprint =       {arXiv:0807.3292 [gr-qc]},
  url =          {http://arxiv.org/abs/0807.3292},
  receiveddate = {2008-07-22},
  OLDfulltexturl =
                  {http://link.aps.org/doi/10.1103/PhysRevLett.102.041101},
  doi =          {10.1103/PhysRevLett.102.041101},
}

@Article{Carpet-Campanelli2008a,
  status =       {refereed},
  author =       {Manuela Campanelli and Carlos O. Lousto and Hiroyuki
                  Nakano and Yosef Zlochower},
  title =        {Comparison of Numerical and Post-{Newtonian}
                  Waveforms for Generic Precessing Black-Hole
                  Binaries},
  journal =      {Phys. Rev. D},
  year =         2009,
  volume =       79,
  pages =        084010,
  eprint =       {arXiv:0808.0713 [gr-qc]},
  url =          {http://arxiv.org/abs/0808.0713},
  receiveddate = {2008-08-05},
  doi =          {10.1103/PhysRevD.79.084010},
}

@Article{Carpet-Baiotti2008b,
  status =       {refereed},
  author =       {Luca Baiotti and Sebastiano Bernuzzi and Giovanni
                  Corvino and Roberto De Pietri and Alessandro Nagar},
  title =        {Gravitational-wave extraction from neutron-star
                  oscillations: Comparing linear and nonlinear
                  techniques},
  journal =      {Phys. Rev. D},
  year =         2009,
  volume =       79,
  pages =        024002,
  eprint =       {arXiv:0808.4002 [gr-qc]},
  url =          {http://arxiv.org/abs/0808.4002},
  receiveddate = {2008-08-27},
  OLDfulltexturl =  {http://link.aps.org/doi/10.1103/PhysRevD.79.024002},
  doi =          {10.1103/PhysRevD.79.024002},
}

@Article{Carpet-Ott2008a,
  status =       {refereed},
  author =       {Christian D. Ott},
  title =        {The gravitational-wave signature of core-collapse
                  supernovae},
  journal =      {Class. Quantum Grav.},
  year =         2009,
  volume =       26,
  pages =        063001,
  annote =       {Class. Quantum Grav. highlight of 2008/2009},
  eprint =       {arXiv:0809.0695 [astro-ph]},
  url =          {http://arxiv.org/abs/0809.0695},
  receiveddate = {2008-09-03},
  doi =          {10.1088/0264-9381/26/6/063001}
}

@Article{Carpet-Brown2007b,
  status =       {refereed},
  author =       {David Brown and Peter Diener and Olivier Sarbach and
                  Erik Schnetter and Manuel Tiglio},
  title =        {Turduckening black holes: an analytical and
                  computational study},
  journal =      {Phys. Rev. D},
  year =         2009,
  volume =       79,
  pages =        044023,
  eprint =       {arXiv:0809.3533 [gr-qc]},
  url =          {http://arxiv.org/abs/0809.3533},
  receiveddate = {2008-09-20},
  OLDfulltexturl =  {http://link.aps.org/doi/10.1103/PhysRevD.79.044023},
  doi =          {10.1103/PhysRevD.79.044023},
}

@Article{Carpet-Korobkin2008a,
  status =       {refereed},
  author =       {Oleg Korobkin and Burak Aksoylu and Michael Holst
                  and Enrique Pazos and Manuel Tiglio},
  title =        {Solving the {Einstein} constraint equations on
                  multi-block triangulations using finite element
                  methods},
  journal =      {Class. Quantum Grav.},
  year =         2009,
  volume =       26,
  pages =        145007,
  eprint =       {arXiv:0801.1823 [gr-qc]},
  url =          {http://arxiv.org/abs/0801.1823},
  receiveddate = {2008-11-05},
  doi =          {10.1088/0264-9381/26/14/145007},
}

@Article{Carpet-Campanelli2008b,
  status =       {refereed},
  author =       {Manuela Campanelli and Carlos O. Lousto and Yosef
                  Zlochower},
  title =        {Algebraic Classification of Numerical Spacetimes and
                  Black-Hole-Binary Remnants},
  journal =      {Phys. Rev. D},
  year =         2009,
  volume =       79,
  pages =        084012,
  eprint =       {arXiv:0811.3006 [gr-qc]},
  url =          {http://arxiv.org/abs/0811.3006},
  receiveddate = {2008-11-18},
  doi =          {10.1103/PhysRevD.79.084012},
}

@Article{Carpet-Etienne2008a,
  status =       {refereed},
  author =       {Zachariah B. Etienne and Yuk Tung Liu and Stuart
                  L. Shapiro and and Thomas W. Baumgarte},
  title =        {General relativistic simulations of
                  black-hole-neutron-star mergers: Effects of
                  black-hole spin},
  journal =      {Phys. Rev. D},
  year =         2009,
  volume =       79,
  pages =        044024,
  eprint =       {arXiv:0812.2245 [astro-ph]},
  url =          {http://arxiv.org/abs/0812.2245},
  receiveddate = {2008-12-09},
  doi =          {10.1103/PhysRevD.79.044024},
}

@Article{Carpet-Rezzolla2008a,
  status =       {refereed},
  author =       {Luciano Rezzolla},
  title =        {Modelling the final state from binary black-hole
                  coalescences},
  journal =      {Class. Quantum Grav.},
  year =         2009,
  volume =       26,
  pages =        094023,
  eprint =       {arXiv:0812.2325 [gr-qc]},
  url =          {http://arxiv.org/abs/0812.2325},
  receiveddate = {2008-12-10},
  doi =          {10.1088/0264-9381/26/9/094023},
}

@Article{CarpetResult-Hannam2008a,
  status =       {refereed},
  author =       {Mark Hannam and Sascha Husa and John G. Baker and
                  Michael Boyle and Bernd Br{\"u}gmann and Tony Chu
                  and Nils Dorband and Frank Herrmann and Ian Hinder
                  and Bernard J. Kelly and Lawrence E. Kidder and
                  Pablo Laguna and Keith D. Matthews and James R. {van
                  Meter} and Harald P. Pfeiffer and Denis Pollney and
                  Christian Reisswig and Mark A. Scheel and Deirdre
                  Shoemaker},
  title =        {The {Samurai} Project: verifying the consistency of
                  black-hole-binary waveforms for gravitational-wave
                  detection},
  journal =      {Phys. Rev. D},
  year =         2009,
  volume =       79,
  pages =        084025,
  eprint =       {arXiv:0901.2437 [gr-qc]},
  url =          {http://arxiv.org/abs/0901.2437},
  receiveddate = {2009-01-20},
  doi =          {10.1103/PhysRevD.79.084025},
}

@Article{Carpet-Aylott2009a,
  status =       {refereed},
  author =       {Benjamin Aylott and John G. Baker and William
                  D. Boggs and Michael Boyle and Patrick R. Brady and
                  Duncan A. Brown and Bernd Br{\"u}gmann and Luisa
                  T. Buchman and Alessandra Buonanno and Laura
                  Cadonati and Jordan Camp and Manuela Campanelli and
                  Joan Centrella and Shourov Chatterji and Nelson
                  Christensen and Tony Chu and Peter Diener and Nils
                  Dorband and Zachariah B. Etienne and Joshua Faber
                  and Stephen Fairhurst and Benjamin Farr and
                  Sebastian Fischetti and Gianluca Guidi and Lisa
                  M. Goggin and Mark Hannam and Frank Herrmann and Ian
                  Hinder and Sascha Husa and Vicky Kalogera and Drew
                  Keppel and Lawrence E. Kidder and Bernard J. Kelly
                  and Badri Krishnan and Pablo Laguna and Carlos
                  O. Lousto and Ilya Mandel and Pedro Marronetti and
                  Richard Matzner and Sean T. McWilliams and Keith
                  D. Matthews and R. Adam Mercer and Satyanarayan
                  R. P. Mohapatra and Abdul H. Mrou{\'e} and Hiroyuki
                  Nakano and Evan Ochsner and Yi Pan and Larne
                  Pekowsky and Harald P. Pfeiffer and Denis Pollney
                  and Frans Pretorius and Vivien Raymond and Christian
                  Reisswig and Luciano Rezzolla and Oliver Rinne and
                  Craig Robinson and Christian R{\"o}ver and Luc{\'i}a
                  Santamar{\'i}a and Bangalore Sathyaprakash and Mark
                  A. Scheel and Erik Schnetter and Jennifer Seiler and
                  Stuart L. Shapiro and Deirdre Shoemaker and Ulrich
                  Sperhake and Alexander Stroeer and Riccardo Sturani
                  and Wolfgang Tichy and Yuk Tung Liu and Marc van der
                  Sluys and James R. van Meter and Ruslan Vaulin and
                  Alberto Vecchio and John Veitch and Andrea
                  Vicer{\'e} and John T. Whelan and Yosef Zlochower},
  title =        {Testing gravitational-wave searches with numerical
                  relativity waveforms: Results from the first
                  {Numerical} {INJection} {Analysis} ({NINJA})
                  project},
  journal =      {Class. Quantum Grav.},
  year =         2009,
  volume =       26,
  pages =        165008,
  eprint =       {arXiv:0901.4399 [gr-qc]},
  url =          {http://arxiv.org/abs/0901.4399},
  receiveddate = {2009-01-29},
  doi =          {10.1088/0264-9381/26/16/165008},
}

@Article{Carpet-Baumgarte2009a,
  status =       {refereed},
  author =       {Thomas W. Baumgarte and Zachariah B. Etienne and Yuk
                  Tung Liu and Keith Matera and Niall {\'O} Murchadha
                  and Stuart L. Shapiro and Keisuke Taniguchi},
  title =        {Equilibrium initial data for moving puncture
                  simulations: the stationary 1+log slicing},
  journal =      {Class. Quantum Grav.},
  year =         2009,
  volume =       26,
  pages =        085007,
  eprint =       {arXiv:0810.0006 [gr-qc]},
  url =          {http://arxiv.org/abs/0810.0006},
  receiveddate = {2009-02-02},
  doi =          {10.1088/0264-9381/26/8/085007},
}

@Article{Carpet-Baiotti2009a,
  status =       {refereed},
  author =       {Luca Baiotti and Bruno Giacomazzo and Luciano
                  Rezzolla},
  title =        {Accurate evolutions of inspiralling neutron-star
                  binaries: assessment of the truncation error},
  journal =      {Class. Quantum Grav.},
  year =         2009,
  volume =       26,
  pages =        114005,
  eprint =       {arXiv:0901.4955 [gr-qc]},
  url =          {http://arxiv.org/abs/0901.4955},
  receiveddate = {2009-02-02},
  doi =          {10.1088/0264-9381/26/11/114005},
}

@Article{Carpet-Bode2009a,
  status =       {refereed},
  author =       {Tanja Bode and Pablo Laguna and Deirdre M. Shoemaker
                  and Ian Hinder and Frank Herrmann and Jirjoo
                  Vishnav},
  title =        {Binary black hole evolutions of approximate puncture
                  initial data},
  journal =      {Phys. Rev. D},
  year =         2009,
  volume =       80,
  pages =        024008,
  eprint =       {arXiv:0902.1127 [gr-qc]},
  url =          {http://arxiv.org/abs/0902.1127},
  receiveddate = {2009-02-09},
  doi =          {10.1103/PhysRevD.80.024008},
}

@Article{Carpet-Cadonati2009a,
  status =       {refereed},
  author =       {Benjamin Aylott and John G. Baker and William
                  D. Boggs and Michael Boyle and Patrick R. Brady and
                  Duncan A. Brown and Bernd Br{\"u}gmann and Luisa
                  T. Buchman and Alessandra Buonanno and Laura
                  Cadonati and Jordan Camp and Manuela Campanelli and
                  Joan Centrella and Shourov Chatterji and Nelson
                  Christensen and Tony Chu and Peter Diener and Nils
                  Dorband and Zachariah B. Etienne and Joshua Faber
                  and Stephen Fairhurst and Benjamin Farr and
                  Sebastian Fischetti and Gianluca Guidi and Lisa
                  M. Goggin and Mark Hannam and Frank Herrmann and Ian
                  Hinder and Sascha Husa and Vicky Kalogera and Drew
                  Keppel and Lawrence E. Kidder and Bernard J. Kelly
                  and Badri Krishnan and Pablo Laguna and Carlos
                  O. Lousto and Ilya Mandel and Pedro Marronetti and
                  Richard Matzner and Sean T. McWilliams and Keith
                  D. Matthews and R. Adam Mercer and Satyanarayan
                  R. P. Mohapatra and Abdul H. Mrou{\'e} and Hiroyuki
                  Nakano and Evan Ochsner and Yi Pan and Larne
                  Pekowsky and Harald P. Pfeiffer and Denis Pollney
                  and Frans Pretorius and Vivien Raymond and Christian
                  Reisswig and Luciano Rezzolla and Oliver Rinne and
                  Craig Robinson and Christian R{\"o}ver and Luc{\'i}a
                  Santamar{\'i}a and Bangalore Sathyaprakash and Mark
                  A. Scheel and Erik Schnetter and Jennifer Seiler and
                  Stuart L. Shapiro and Deirdre Shoemaker and Ulrich
                  Sperhake and Alexander Stroeer and Riccardo Sturani
                  and Wolfgang Tichy and Yuk Tung Liu and Marc van der
                  Sluys and James R. van Meter and Ruslan Vaulin and
                  Alberto Vecchio and John Veitch and Andrea
                  Vicer{\'e} and John T. Whelan and Yosef Zlochower},
  title =        {Status of {NINJA}: the {Numerical} {INJection}
                  {Analysis} project},
  journal =      {Class. Quantum Grav.},
  year =         2009,
  volume =       26,
  pages =        114008,
  eprint =       {arXiv:0901.4399 [gr-qc]},
  url =          {http://arxiv.org/abs/0905.4227},
  receiveddate = {2009-03-10},
  fulltexturl =  {http://stacks.iop.org/CQG/26/114008},
  doi =          {10.1088/0264-9381/26/11/114008}
}

@Article{Carpet-Barausse2009a,
  status =       {refereed},
  author =       {Enrico Barausse and Luciano Rezzolla},
  title =        {Predicting the direction of the final spin from the
                  coalescence of two black holes},
  journal =      {Astrophys. J.},
  year =         2009,
  volume =       704,
  pages =        {L40-L44},
  eprint =       {arXiv:0904.2577 [gr-qc]},
  url =          {http://arxiv.org/abs/0904.2577},
  receiveddate = {2009-04-15},
  doi =          {10.1088/0004-637X/704/1/L40},
}

@Article{Carpet-Vaishnav2009a,
  status =       {refereed},
  author =       {Birjoo Vaishnav and Ian Hinder and Deirdre Shoemaker
                  and Frank Herrmann},
  title =        {Gravitational waves from eccentric intermediate mass
                  binary black hole mergers},
  journal =      {Class. Quantum Grav.},
  year =         2009,
  volume =       26,
  pages =        204008,
  receiveddate = {2009-05-01},
  doi =          {10.1088/0264-9381/26/20/204008},
}

@Article{Carpet-Ott2009a,
  status =       {refereed},
  author =       {Christian D. Ott},
  title =        {Probing the Core-Collapse Supernova Mechanism with
                  Gravitational Waves},
  journal =      {Class. Quantum Grav.},
  year =         2009,
  volume =       26,
  pages =        204015,
  eprint =       {arXiv:0905.2797 [gr-qc]},
  url =          {http://arxiv.org/abs/0905.2797},
  receiveddate = {2009-05-17},
  doi =          {10.1088/0264-9381/26/20/204015},
}

@Comment Paper is about data analysis, uses Carpet data only as input
Article{Carpet-Cadonati2009b,
  status =       {refereed},
  author =       {Laura Cadonati and Shourov Chatterji and Sebastian
                  Fischetti and Gianluca Guidi and Satyanarayan
                  R. P. Mohapatra and Riccardo Sturani and Andrea
                  Vicer{\'e}},
  title =        {Unmodeled search for black hole binary systems in
                  the {NINJA} project},
  journal =      {Class. Quantum Grav.},
  year =         2009,
  volume =       26,
  pages =        204005,
  eprint =       {arXiv:0906.2433 [gr-qc]},
  url =          {http://arxiv.org/abs/0906.2433},
  receiveddate = {2009-05-26},
  doi =          {10.1088/0264-9381/26/20/204005},
}

@Article{Carpet-Saijo2009a,
  status =       {refereed},
  author =       {Motoyuki Saijo and Ian Hawke},
  title =        {Collapse of differentially rotating supermassive
                  stars: Post black hole formation},
  journal =      {Phys. Rev. D},
  year =         2009,
  volume =       80,
  pages =        064001,
  eprint =       {arXiv:0908.3002 [gr-qc]},
  url =          {http://arxiv.org/abs/0908.3002},
  receiveddate = {2009-05-27},
  doi =          {10.1103/PhysRevD.80.064001},
}

@Article{Carpet-Healy2009a,
  status =       {refereed},
  author =       {James Healy and Janna Levin and Deirdre Shoemaker},
  title =        {Zoom-Whirl Orbits in Black Hole Binaries},
  journal =      {Phys. Rev. Lett.},
  year =         2009,
  volume =       103,
  pages =        131101,
  eprint =       {arXiv:0907.0671 [gr-qc]},
  url =          {http://arxiv.org/abs/0907.0671},
  receiveddate = {2009-07-07},
  doi =          {10.1103/PhysRevLett.103.131101},
}

@Article{Carpet-Sperhake2009a,
  status =       {refereed},
  author =       {Ulrich Sperhake and Vitor Cardoso and Frans
                  Pretorius and Emanuele Berti and Tanja Hinderer and
                  Nicolas Yunes},
  title =        {Cross section, final spin and zoom-whirl behavior in
                  high-energy black hole collisions},
  journal =      {Phys. Rev. Lett.},
  year =         2009,
  volume =       103,
  pages =        131102,
  eprint =       {arXiv:0907.1252 [gr-qc]},
  url =          {http://arxiv.org/abs/0907.1252},
  receiveddate = {2009-07-07},
  doi =          {10.1103/PhysRevLett.103.131102},
}

@Article{Carpet-Reisswig2009a,
  status =       {refereed},
  author =       {Christian Reisswig and Sascha Husa and Luciano
                  Rezzolla and Ernst Nils Dorband and Denis Pollney
                  and Jennifer Seiler},
  title =        {Gravitational-wave detectability of equal-mass
                  black-hole binaries with aligned spins},
  journal =      {Phys. Rev. D},
  year =         2009,
  volume =       80,
  pages =        124026,
  eprint =       {arXiv:0907.0462 [gr-qc]},
  url =          {http://arxiv.org/abs/0907.0462},
  receiveddate = {2009-07-13},
  doi =          {10.1103/PhysRevD.80.124026},
}

@Article{Carpet-Reisswig2009b,
  status =       {refereed},
  author =       {Christian Reisswig and Nigel T. Bishop and Denis
                  Pollney and B{\'e}la Szil{\'a}gyi},
  title =        {Unambiguous determination of gravitational waveforms
                  from binary black hole mergers},
  journal =      {Phys. Rev. Lett.},
  year =         2009,
  volume =       103,
  pages =        221101,
  eprint =       {arXiv:0907.2637 [gr-qc]},
  url =          {http://arxiv.org/abs/0907.2637},
  receiveddate = {2009-07-15},
  doi =          {10.1103/PhysRevLett.103.221101},
}

@Article{Carpet-Giacomazzo2009a,
  status =       {refereed},
  author =       {Bruno Giacomazzo and Luciano Rezzolla and Luca
                  Baiotti},
  title =        {The influence of magnetic fields on the
                  gravitational-wave emission from binary neutron
                  stars},
  journal =      {Mon. Not. Roy. Astron. Soc.},
  year =         2009,
  volume =       339,
  pages =        {L164-L168},
  eprint =       {arXiv:0901.2722 [gr-qc]},
  url =          {http://arxiv.org/abs/0901.2722},
  receiveddate = {2009-08-07},
  doi =          {10.1111/j.1745-3933.2009.00745.x},
}

@Article{Carpet-Pollney2009a,
  status =       {refereed},
  author =       {Denis Pollney and Christian Reisswig and Nils
                  Dorband and Erik Schnetter and Peter Diener},
  title =        {The Asymptotic Falloff of Local Waveform
                  Measurements in Numerical Relativity},
  journal =      {Phys. Rev. D},
  volume =       80,
  pages =        {121502(R)},
  year =         2009,
  eprint =       {arXiv:0910.3656 [gr-qc]},
  url =          {http://arxiv.org/abs/0910.3656},
  receiveddate = {2009-08-12},
  fulltexturl =  {http://prd.aps.org/abstract/PRD/v80/i12/e121502},
  doi =          {10.1103/PhysRevD.80.12150},
}

@Article{Carpet-Vega2009a,
  status =       {refereed},
  author =       {Ian Vega and Peter Diener and Wolfgang Tichy and
                  Steven Detweiler},
  title =        {Self-force with (3+1) codes: a primer for numerical
                  relativists},
  journal =      {Phys. Rev. D},
  year =         2009,
  volume =       80,
  pages =        084021,
  eprint =       {arXiv:0908.2138 [gr-qc]},
  url =          {http://arxiv.org/abs/0908.2138},
  receiveddate = {2009-08-29},
  doi =          {10.1103/PhysRevD.80.084021},
}

@Article{Carpet-Liu2010a,
  status =       {refereed},
  author =       {Yuk Tung Liu and Zachariah B. Etienne and Stuart
                  L. Shapiro},
  title =        {Evolution of near-extremal-spin black holes using
                  the moving puncture technique},
  journal =      {Phys. Rev. D},
  year =         2010,
  volume =       80,
  pages =        {121503(R)},
  eprint =       {arXiv:1001.4077 [gr-qc]},
  url =          {http://arxiv.org/abs/1001.4077},
  receiveddate = {2009-09-14},
  doi =          {10.1103/PhysRevD.80.121503},
}

@Article{Carpet-Reisswig2009c,
  status =       {refereed},
  author =       {Christian Reisswig and Nigel T. Bishop and Denis
                  Pollney and B{\'e}la Szil{\'a}gyi},
  title =        {Characteristic extraction in numerical relativity:
                  binary black hole merger waveforms at null infinity},
  journal =      {Class. Quantum Grav.},
  year =         2010,
  volume =       27,
  pages =        075014,
  eprint =       {arXiv:0912.1285 [gr-qc]},
  url =          {http://arxiv.org/abs/0912.1285},
  receiveddate = {2009-12-08},
  doi =          {10.1088/0264-9381/27/7/075014}
}

@Article{Carpet-Zink2010a,
  status =       {refereed},
  author =       {Burkhard Zink and Oleg Korobkin and Erik Schnetter
                  and Nikolaos Stergioulas},
  title =        {On the frequency band of the $f$-mode {CFS}
                  instability},
  journal =      {Phys. Rev. D (accepted)},
  year =         2010,
  eprint =       {arXiv:1003.0779 [astro-ph.SR]},
  url =          {http://arxiv.org/abs/1003.0779},
  receiveddate = {2010-03-03},
}



********************************************************************************
SUBMITTED:
********************************************************************************



********************************************************************************
PREPARING:
********************************************************************************



********************************************************************************
THESIS:
********************************************************************************

@PhdThesis{Carpet-Koppitz2004a,
  status =       {thesis},
  author =       {Michael Koppitz},
  title =        {Numerical Studies Of Black Hole Initial Data},
  school =       {Universit{\"a}t Potsdam},
  year =         2004,
  url =          {http://opus.kobv.de/ubp/volltexte/2005/134/},
  receiveddate = 2004,
}

% Herrmann2005:PhD
@PhdThesis{Carpet-Herrmann2005a,
  status =       {thesis},
  author =       {Frank Herrmann},
  title =        {Evolution and analysis of binary black hole
                  spacetimes},
  school =       {Universit{\"a}t Potsdam},
  year =         2005,
  receiveddate = 2005,
}

% Loeffler05
@PhdThesis{Carpet-Loeffler2005a,
  status =       {thesis},
  author =       {Frank L{\"o}ffler},
  title =        {Numerical Simulations of Neutron Star-Black Hole
                  Mergers},
  school =       {Universit{\"a}t Potsdam},
  year =         2006,
  url =          {http://opus.kobv.de/ubp/volltexte/2006/774/},
  receiveddate = 2006,
}

@MastersThesis{Carpet-Madiraju2006a,
  status =       {thesis},
  author =       {Sasanka Madiraju},
  title =        {Performance Profiling with {Cactus} Benchmarks},
  school =       {Louisiana State University},
  year =         2006,
  url =          {http://www.cactuscode.org/
                  Articles/Cactus_Madiraju06.pdf},
  receiveddate = 2006,
}

@PhdThesis{Carpet-Zink2006d,
  status =       {thesis},
  author =       {Burkhard Zink},
  title =        {Black hole formation from non-axisymmetric
                  instabilities in quasi-toroidal stars},
  school =       {Technische Universit{\"a}t M{\"u}nchen},
  year =         2006,
  url =          {http://nbn-resolving.de/urn/resolver.pl
                  ?urn=urn:nbn:de:bvb:91-diss20060623-1915123970},
  receiveddate = 2006,
}

@PhdThesis{Carpet-Dorband2007a,
  status =       {thesis},
  author =       {Ernst Nils Dorband},
  title =        {Computing and Analyzing Gravitational Radiation in
                  Black Hole Simulations Using a New Multi-Block
                  Approach to Numerical Relativity},
  school =       {Louisiana State University},
  year =         2007,
  url =
                  {http://etd.lsu.edu/docs/available/etd-03202007-163153/},
  receiveddate = 2007,
}
@Comment also available at http://www.cct.lsu.edu/~dorband/thesis.pdf

@PhdThesis{Carpet-Kastaun2007a,
  status =       {thesis},
  author =       {Wolfgang Kastaun},
  title =        {Developing a code for general relativistic
                  hydrodynamics with application to neutron star
                  oscillations},
  school =       {Universit{\"a}t T{\"u}bingen},
  year =         2007,
  url =          {http://tobias-lib.ub.uni-tuebingen.de/
                  volltexte/2007/2803/},
  receiveddate = 2007,
}

@PhdThesis{Carpet-Manca2007a,
  status =       {thesis},
  author =       {Gian Mario Manca},
  title =        {Dynamical instabilities in rapidly rotating neutron
                  star models},
  school =       {Universit{\`a} di Parma},
  year =         2007,
  receiveddate = 2007,
}

@PhdThesis{Carpet-Ott2007a,
  status =       {thesis},
  author =       {Christian D. Ott},
  title =        {Stellar Iron Core Collapse in \{3+1\} General
                  Relativity and The Gravitational Wave Signature of
                  Core-Collapse Supernovae},
  school =       {Universit{\"a}t Potsdam},
  year =         2007,
  url =          {http://stellarcollapse.org/papers/thesis_final.pdf},
  receiveddate = 2007,
}

@PhdThesis{Carpet-Zenginoglu2007a,
  status =       {thesis},
  author =       {An{\i}l Zengino{\u{g}}lu},
  title =        {A conformal approach to numerical calculations of
                  asymptotically flat spacetimes},
  school =       {Universit{\"a}t Potsdam},
  year =         2007,
  eprint =       {arXiv:0711.0873 [gr-qc]},
  url =          {http://arxiv.org/abs/0711.0873},
  receiveddate = 2007,
}

@PhdThesis{Carpet-Bentivegna2008b,
  status =       {thesis},
  author =       {Eloisa Bentivegna},
  title =        {Ringing in unison: exploring black hole coalescence
                  with quasinormal modes},
  school =       {Pennsylvania State University},
  year =         2008,
  url =          {http://etda.libraries.psu.edu/
                  theses/approved/WorldWideIndex/ETD-2570/index.html},
  receiveddate = 2008,
}

@MastersThesis{Carpet-Jasiulek2008a,
  status =       {thesis},
  author =       {Michael Jasiulek},
  title =        {Spin Measures on Isolated and Dynamical Horizons in
                  Numerical Relativity},
  school =       {Humboldt-Universit{\"a}t zu Berlin},
  year =         2008,
  receiveddate = 2008,
}

@PhdThesis{Carpet-Pazos2009a,
  status =       {thesis},
  author =       {Enrique Pazos},
  title =        {Numerical studies on new techniques for
                  gravitational wave extraction and binary black hole
                  simulations},
  school =       {University of Maryland},
  year =         2009,
  url =          {http://hdl.handle.net/1903/9974},
  receiveddate = 2009,
}

@PhdThesis{Carpet-Bode2009b,
  status =       {thesis},
  author =       {Tanja Bode},
  title =        {The Robustness of Binary Black Hole Mergers and
                  Waveforms},
  school =       {Pennsylvania State University},
  year =         2009,
  url =
                  {http://etda.libraries.psu.edu/theses/approved/WorldWideIndex/ETD-4094/index.html},
  receiveddate = 2009,
}

@PhdThesis{Carpet-Reisswig2010a,
  status =       {thesis},
  author =       {Christian Reisswig},
  title =        {Binary Black Hole Mergers and Novel Approaches to
                  Gravitational Wave Extraction in Numerical
                  Relativity},
  school =       {Leibniz Universit{\"a}t Hannover},
  year =         2010,
  url =          {http://www.nullinfinity.net/~reisswig/
                  phd_thesis_published_christian_reisswig.pdf},
  receiveddate = 2010,
}

@PhdThesis{Carpet-Seiler2010a,
  status =       {thesis},
  author =       {Jennifer Seiler},
  title =        {Numerical Simulation of Binary Black Hole Spacetimes
                  and a Novel Approach to Outer Boundary Conditions},
  school =       {Gottfried Wilhelm Leibniz Universit{\"a}t Hannover},
  year =         2010,
  url =          {http://dl.dropbox.com/u/2021645/thesis.pdf},
  receiveddate = 2010,
}
@Comment Use permanent url

@PhdThesis{Carpet-Korobkin2010a,
  status =       {thesis},
  author =       {Oleg Korobkin},
  title =        {Non-axisymmetric Instabilities in Self-Gravitating
                  Tori around Black Holes, and Solving {Einstein}
                  Constraints with Superconvergent Finite Element
                  Methods},
  school =       {Louisiana State University},
  year =         2010,
  url =
                  {http://etd.lsu.edu/docs/available/etd-11122010-153530/},
  receiveddate = 2010,
}

% Luca Baiotti,
% Numerical relativity simulations of non-vacuum spacetimes in three
% dimensions,
% PhD thesis, SISSA, 2004.
% [does not use Carpet]
% 
% Bernard Kelly,
% The Next Generation of Binary Black Hole Head-On Collisions, and their
% Aftermath,
% PhD thesis, Penn State University, 2004.
% [does not use Carpet]
% 
% Kenneth Smith,
% Dynamic Singularity Excision in Numerical Relativity,
% PhD thesis, Penn State University, 2004.
% [does not use Carpet]
% 
% Bruno Giacomazzo,
% General Relativistic Magnetohydrodynamics: fundamental aspects and
% applications,
% PhD thesis, SISSA, 2006.
% [does not use Carpet]



********************************************************************************
BOOK:
********************************************************************************

@InCollection{Carpet-Schnetter2007a,
  status =       {book},
  author =       {Erik Schnetter and Christian D. Ott and Gabrielle
                  Allen and Peter Diener and Tom Goodale and Thomas
                  Radke and Edward Seidel and John Shalf},
  title =        {{Cactus} {Framework}: Black Holes to Gamma Ray
                  Bursts},
  booktitle =    {Petascale Computing: Algorithms and Applications},
  pages =        {507-528},
  publisher =    {Chapman \& Hall/CRC},
  year =         2007,
  editor =       {David A. Bader},
  series =       {Computational Science Series},
  chapter =      24,
  eprint =       {arXiv:0707.1607 [cs.DC]},
  url =          {http://arxiv.org/abs/0707.1607},
  receiveddate = {2007-07-11},
  isbn =         9781584889090,
}



********************************************************************************
REPORT:
********************************************************************************

@InProceedings{Carpet-Zink2005b,
  status =       {report},
  author =       {Burkhard Zink and Nikolaos Stergioulas and Ian Hawke
                  and Christian D. Ott and Erik Schnetter and Ewald
                  M{\"u}ller},
  title =        {Rotational instabilities in supermassive stars: a
                  new way to form supermassive black holes},
  booktitle =    {International Scientific Workshop on Cosmology and
                  Gravitational Physics, Thessaloniki, December 15-16,
                  2005},
  pages =        {155-160},
  year =         2006,
  editor =       {N. K. Spyrou and N. Stergioulas and C. Tsagas},
  publisher =    {ZITI}
}

@InProceedings{Carpet-Sperhake2006b,
  status =       {report},
  author =       {Ulrich Sperhake and Bernd Br{\"u}gmann and Jos{\'e}
                  Gonz{\'a}lez and Mark Hannam and Sascha Husa},
  title =        {Head-On collisions of different initial data},
  booktitle =    {Proceedings of the 11th Marcel Grossmann Meeting
                  (MG11) in Berlin, Germany, July 23-29, 2006},
  year =         2007,
  eprint =       {arXiv:0705.2035 [gr-qc]},
  url =          {http://arxiv.org/abs/0705.2035},
  receiveddate = {2006-07-23},
}

@InProceedings{Carpet-Zink2006b,
  status =       {report},
  author =       {Burkhard Zink and Nikolaos Stergioulas and Ian Hawke
                  and Christian D. Ott and Erik Schnetter and Ewald
                  M{\"u}ller},
  title =        {Fragmentation of general relativistic quasi-toroidal
                  polytropes},
  booktitle =    {Proceedings of the 11th Marcel Grossmann Meeting
                  (MG11) in Berlin, Germany, July 23-29, 2006},
  year =         2007,
  eprint =       {arXiv:0704.0431 [gr-qc]},
  url =          {http://arxiv.org/abs/0704.0431},
  receiveddate = {2006-07-23},
}

@InProceedings{Carpet-Zink2006c,
  status =       {report},
  author =       {Burkhard Zink and Nikolaos Stergioulas and Ian Hawke
                  and Christian D. Ott and Erik Schnetter and Ewald
                  M{\"u}ller},
  title =        {Supermassive Black Hole Formation through Rotational
                  Instabilities},
  booktitle =    {12th Conference on Recent Developments in Gravity
                  (NEB XII)},
  pages =        012050,
  year =         2007,
  volume =       68,
  series =       {J. Phys.: Conf. Ser.},
  receiveddate = {2006-06-29},
  url =          {http://stacks.iop.org/JPConf/68/012050},
  doi =          {10.1088/1742-6596/68/1/012050},
}

@InProceedings{Carpet-Baiotti2006c,
  status =       {report},
  author =       {Luca Baiotti and Ian Hawke and Luciano Rezzolla and
                  Erik Schnetter},
  title =        {Details on the gravitational-wave emission from
                  rotating gravitational collapse in {3D}},
  booktitle =    {XXIXth Spanish Relativity Meeting (E.R.E. 2006)},
  pages =        012045,
  year =         2007,
  volume =       66,
  series =       {J. Phys.: Conf. Ser.},
  receiveddate = {2006-09-04},
  url =          {http://stacks.iop.org/JPConf/66/012045},
  doi =          {10.1088/1742-6596/66/1/012045},
}

@InProceedings{Carpet-Sperhake2006c,
  status =       {report},
  author =       {Ulrich Sperhake},
  title =        {Black-hole binary evolutions with the {LEAN} code},
  booktitle =    {XXIXth Spanish Relativity Meeting (E.R.E. 2006)},
  pages =        012049,
  year =         2007,
  volume =       66,
  series =       {J. Phys.: Conf. Ser.},
  receiveddate = {2006-09-04},
  url =          {http://stacks.iop.org/JPConf/66/012049},
  doi =          {10.1088/1742-6596/66/1/012049},
}

@InProceedings{CarpetResult-Font2006a,
  status =       {report},
  author =       {Jos{\'e} A. Font},
  title =        {Current status of relativistic core collapse
                  simulations},
  booktitle =    {XXIXth Spanish Relativity Meeting (E.R.E. 2006)},
  pages =        012063,
  year =         2007,
  volume =       66,
  series =       {J. Phys.: Conf. Ser.},
  receiveddate = {2006-09-04},
  url =          {http://stacks.iop.org/JPConf/66/012063},
  doi =          {10.1088/1742-6596/66/1/012063},
}

@InProceedings{CarpetResult-Baker2007a,
  status =       {report},
  author =       {John G. Baker and William D. Boggs and Joan
                  M. Centrella and Bernard J. Kelly and Sean
                  T. McWilliams and James R. van Meter},
  title =        {Gravitational waves from black-hole mergers},
  booktitle =    {Proceedings of the 2007 Spring Symposium of the
                  Space Telescope Science Institute (Baltimore, MD)},
  year =         2007,
  pages =        {(to be published)},
  eprint =       {arXiv:0708.4202 [astro-ph]},
  url =          {http://arxiv.org/abs/0708.4202},
  receiveddate = {2007-04-23},
}

@Unpublished{Carpet-Hinder2008a,
  status =       {report},
  author =       {Ian Hinder and Frank Herrmann and Pablo Laguna and
                  Deirdre Shoemaker},
  title =        {Comparisons of eccentric binary black hole
                  simulations with post-{Newtonian} models},
  note =         {arXiv:0806.1037 [gr-qc]},
  year =         2008,
  receiveddate = {2008-06-05},
  url =          {http://arxiv.org/abs/0806.1037},
}

@TechReport{Carpet-Tao2008a,
  status =       {report},
  author =       {Jian Tao and Gabrielle Allen and Ian Hinder and Erik
                  Schnetter and Yosef Zlochower},
  title =        {{XiRel}: Standard Benchmarks for Numerical
                  Relativity Codes Using {Cactus} and {Carpet}},
  institution =  {Center for Computation \& Technology, Louisiana
                  State University},
  year =         2008,
  number =       5,
  receiveddate = {2008-07-01},
  url =          {http://www.cct.lsu.edu/CCT-TR/CCT-TR-2008-5},
}

@Unpublished{CarpetResult-Nakano2008a,
  status =       {report},
  author =       {Hiroyuki Nakano and Manuela Campanelli and Carlos
                  O. Lousto and Yosef Zlochower},
  title =        {Comparison of Post-{Newtonian} and Numerical
                  Evolutions of Black-Hole Binaries},
  note =         {arXiv:0901.3861 [gr-qc]},
  year =         2009,
  url =          {http://arxiv.org/abs/0901.3861},
  receiveddate = {2009-01-24},
}

@Unpublished{Carpet-Bernuzzi2009a,
  status =       {report},
  author =       {Sebastiano Bernuzzi and Lucao Baiotti and Giovanni
                  Corvino and Roberto De Pietri and Alessandro Nagar},
  title =        {Gravitational-wave extraction from neutron-star
                  oscillations},
  note =         {arXiv:0902.2720 [gr-qc]},
  year =         2009,
  receiveddate = {2009-02-16},
  url =          {http://arxiv.org/abs/0902.2720},
}

@Unpublished{Carpet-Lousto2009a,
  status =       {report},
  author =       {Carlos O. Lousto and Manuela Campanelli and Yosef
                  Zlochower},
  title =        {Remnant Masses, Spins and Recoils from the Merger of
                  Generic Black-Hole Binaries},
  note =         {arXiv:0904.3541 [gr-qc]},
  year =         2009,
  receiveddate = {2009-04-22},
  url =          {http://arxiv.org/abs/0904.3541},
}

@Unpublished{Carpet-Healy2009b,
  status =       {report},
  author =       {James Healy and Pablo Laguna and Richard A. Matzner
                  and Deirdre M. Shoemaker},
  title =        {Final Mass and Spin of Merged Black Holes and the
                  Golden Black Hole},
  note =         {arXiv:0905.3914 [gr-qc]},
  year =         2009,
  receiveddate = {2009-05-24},
  url =          {http://arxiv.org/abs/0905.3914},
}

@Unpublished{Carpet-Lovelace2009a,
  status =       {report},
  author =       {Geoffrey Lovelace and Yanbei Chen and Michael Cohen
                  and Jeffrey D. Kaplan and Drew Keppel and Keith
                  D. Matthews and David A. Nichols and Mark A. Scheel
                  and Ulrich Sperhake},
  title =        {Momentum flow in black-hole binaries: {II.}
                  {Numerical} simulations of equal-mass, head-on
                  mergers with antiparallel spins},
  note =         {arXiv:0907.0869 [gr-qc]},
  year =         2009,
  receiveddate = {2009-07-05},
  url =          {http://arxiv.org/abs/0907.0869},
}

@Unpublished{Carpet-Ajith2009a,
  status =       {report},
  author =       {Parameswaran Ajith and Mark Hannam and Sascha Husa
                  and Yanbei Chen and Bernd Br{\"u}gmann and Nils
                  Dorband and Doreen M{\"u}ller and Frank Ohme and
                  Denis Pollney and Christian Reisswig and Luc{\'i}a
                  Santamar{\'i}a and Jennifer Seiler},
  title =        {``Complete'' gravitational waveforms for black-hole
                  binaries with non-precessing spins},
  note =         {arXiv:0909.2867 [gr-qc]},
  year =         2009,
  receiveddate = {2009-09-15},
  url =          {http://arxiv.org/abs/0909.2867},
}

@Unpublished{Carpet-Pollney2009b,
  status =       {report},
  author =       {Denis Pollney and Christian Reisswig and Erik
                  Schnetter and Nils Dorband and Peter Diener},
  title =        {High accuracy binary black hole simulations with an
                  extended wave zone},
  note =         {arXiv:0910.3803 [gr-qc]},
  year =         2009,
  url =          {http://arxiv.org/abs/0910.3803},
  receiveddate = {2009-10-20},
}

@Unpublished{Carpet-Farris2009a,
  status =       {report},
  author =       {Brian D. Farris and Yuk Tung Liu and Stuart
                  L. Shapiro},
  title =        {Binary Black Hole Mergers in Gaseous Environments:
                  ``Binary {Bondi''} and ``Binary
                  {Bondi}-{Hoyle}-{Lyttleton}'' Accretion},
  note =         {arXiv:0912.2096 [gr-qc]},
  year =         2009,
  url =          {http://arxiv.org/abs/0912.2096},
  receiveddate = {2009-12-10},
}

@Unpublished{Carpet-Duez2009a,
  status =       {report},
  author =       {Matthew D. Duez},
  title =        {Numerical relativity confronts compact neutron star
                  binaries: a review and status report},
  note =         {arXiv:0912.3529 [astro-ph.HE]},
  year =         2009,
  url =          {http://arxiv.org/abs/0912.3529},
  receiveddate = {2009-12-17},
}

@Unpublished{Carpet-Kelly2009a,
  status =       {report},
  author =       {Bernard J. Kelly and Wolfgang Tichy and Yosef
                  Zlochower and Manuela Campanelli and Bernard
                  Whiting},
  title =        {Post-Newtonian Initial Data with Waves: Progress in
                  Evolution},
  note =         {arXiv:0912.5311 [gr-qc]},
  year =         2009,
  url =          {http://arxiv.org/abs/0912.5311},
  receiveddate = {2009-12-29},
}

@Unpublished{Carpet-Zilhao2010a,
  status =       {report},
  author =       {Miguel Zilh{\~a}o and Helvi Witek and Ulrich
                  Sperhake and Vitor Cardoso and Leonardo Gualtieri
                  and Carlos Herdeiro and Andrea Nerozzi},
  title =        {Numerical relativity for $D$ dimensional axially
                  symmetric space-times: formalism and code tests},
  note =         {arXiv:1001.2302 [gr-qc]},
  year =         2010,
  url =          {http://arxiv.org/abs/1001.2302},
  receiveddate = {2010-01-13},
}

@Unpublished{Carpet-Lousto2010a,
  status =       {report},
  author =       {Carlos O. Lousto and Hiroyuki Nakano and Yosef
                  Zlochower and Manuela Campanelli},
  title =        {Intermediate Mass Ratio Black Hole Binaries:
                  Numerical Relativity meets Perturbation Theory},
  note =         {arXiv:1001.2316 [gr-qc]},
  year =         2010,
  url =          {http://arxiv.org/abs/1001.2316},
  receiveddate = {2010-01-13},
}

@Unpublished{Carpet-Rezzolla2010a,
  status =       {report},
  author =       {Luciano Rezzolla and Luca Baiotti and Bruno
                  Giacomazzo and David Link and Jos{\'e} A. Font},
  title =        {Accurate evolutions of unequal-mass neutron-star
                  binaries: properties of the torus and short {GRB}
                  engines},
  note =         {arXiv:1001.3074 [gr-qc]},
  year =         2010,
  url =          {http://arxiv.org/abs/1001.3074},
  recevieddate = {2010-01-15},
}

@Unpublished{Carpet-Campanelli2010a,
  status =       {report},
  author =       {Manuela Campanelli and Carlos O. Lousto and Bruno
                  C. Mundim and Hiroyuki Nakano and Yosef Zlochower
                  and Hans-Peter Bischof},
  title =        {Advances in Simulations of Generic Black-Hole
                  Binaries},
  note =         {arXiv:1001.3834 [gr-qc]},
  year =         2010,
  url =          {http://arxiv.org/abs/1001.3834},
  receiveddate = {2010-01-21},
}

@Unpublished{Carpet-Hinder2010a,
  status =       {report},
  author =       {Ian Hinder},
  title =        {The Current Status of Binary Black Hole Simulations
                  in Numerical Relativity},
  note =         {arXiv:1001.5161 [gr-qc]},
  year =         2010,
  url =          {http://arxiv.org/abs/1001.5161},
  recevieddate = {2010-01-28},
}

@Unpublished{Carpet-Corvino2010a,
  status =       {report},
  author =       {Giovanni Corvino and Luciano Rezzolla and Sebastiano
                  Bernuzzi and Roberto De Pietri and Bruno Giacomazzo},
  title =        {On the Shear Instability in Relativistic Neutron
                  Stars},
  note =         {arXiv:1001.5281 [gr-qc]},
  year =         2010,
  url =          {http://arxiv.org/abs/1001.5281},
  receiveddate = {2010-01-28},
}

@Unpublished{Carpet-Sperhake2010a,
  status =       {report},
  author =       {Ulrich Sperhake and Victor Cardoso and Frans
                  Pretorius and Emanuele Berti and Tanja Hinderer and
                  Nico Yunes},
  title =        {Ultra-relativistic grazing collisions of black
                  holes},
  note =         {arXiv:1003.0882 [gr-qc]},
  year =         2010,
  receiveddate = {2010-03-03},
  url =          {http://arxiv.org/abs/1003.0882}
}

@Unpublished{Carpet-Korobkin2010b,
  status =       {report},
  author =       {Oleg Korobkin and Ernazar B. Abdikamalov and Erik
                  Schnetter and Nikolaos Stergioulas and Burkhard
                  Zink},
  title =        {Stability of general-relativistic accretion disks},
  note =         {arXiv:1011.3010v},
  year =         2010,
  url =          {http://arxiv.org/abs/1011.3010},
  receiveddate = {2010-11-12},
}



********************************************************************************
INVITED:
********************************************************************************



********************************************************************************
CONTRIBUTED:
********************************************************************************



********************************************************************************
INTERNAL:
********************************************************************************



********************************************************************************
WEBPAGE:
********************************************************************************

@Misc{Carpet-cactusweb,
  status =       {webpage},
  title =        {{Cactus} {Computational} {Toolkit}},
  url =          {http://www.cactuscode.org/},
}

@Misc{Carpet-carpetweb,
  status =       {webpage},
  title =        {Mesh Refinement with {Carpet}},
  url =          {http://www.carpetcode.org/},
}



********************************************************************************
