
@Misc{		  carpet-carpetweb,
  status	= {webpage},
  title		= {Mesh Refinement with {Carpet}},
  url		= {http://www.carpetcode.org/}
}

@Misc{		  carpet-cactusweb,
  status	= {webpage},
  title		= {{Cactus} {Computational} {Toolkit}},
  url		= {http://www.cactuscode.org/}
}
